%YAML 1.1
%TAG !u! tag:unity3d.com,2011:
--- !u!1 &1528902515
GameObject:
  m_ObjectHideFlags: 0
  m_CorrespondingSourceObject: {fileID: 0}
  m_PrefabInstance: {fileID: 0}
  m_PrefabAsset: {fileID: 0}
  serializedVersion: 6
  m_Component:
  - component: {fileID: 1528902516}
  - component: {fileID: 1528902517}
  - component: {fileID: 9011977568669293324}
  m_Layer: 0
  m_Name: TargetReticle
  m_TagString: Untagged
  m_Icon: {fileID: 0}
  m_NavMeshLayer: 0
  m_StaticEditorFlags: 0
  m_IsActive: 1
--- !u!4 &1528902516
Transform:
  m_ObjectHideFlags: 0
  m_CorrespondingSourceObject: {fileID: 0}
  m_PrefabInstance: {fileID: 0}
  m_PrefabAsset: {fileID: 0}
  m_GameObject: {fileID: 1528902515}
  m_LocalRotation: {x: 0.7071068, y: 0, z: 0, w: 0.7071068}
  m_LocalPosition: {x: 0, y: 0, z: 0}
  m_LocalScale: {x: 2, y: 2, z: 2}
  m_Children: []
  m_Father: {fileID: 1111188777540567648}
  m_RootOrder: 2
  m_LocalEulerAnglesHint: {x: 90, y: 0, z: 0}
--- !u!212 &1528902517
SpriteRenderer:
  m_ObjectHideFlags: 0
  m_CorrespondingSourceObject: {fileID: 0}
  m_PrefabInstance: {fileID: 0}
  m_PrefabAsset: {fileID: 0}
  m_GameObject: {fileID: 1528902515}
  m_Enabled: 1
  m_CastShadows: 0
  m_ReceiveShadows: 0
  m_DynamicOccludee: 1
  m_MotionVectors: 1
  m_LightProbeUsage: 1
  m_ReflectionProbeUsage: 1
  m_RayTracingMode: 0
  m_RenderingLayerMask: 1
  m_RendererPriority: 0
  m_Materials:
  - {fileID: 10754, guid: 0000000000000000f000000000000000, type: 0}
  m_StaticBatchInfo:
    firstSubMesh: 0
    subMeshCount: 0
  m_StaticBatchRoot: {fileID: 0}
  m_ProbeAnchor: {fileID: 0}
  m_LightProbeVolumeOverride: {fileID: 0}
  m_ScaleInLightmap: 1
  m_ReceiveGI: 1
  m_PreserveUVs: 0
  m_IgnoreNormalsForChartDetection: 0
  m_ImportantGI: 0
  m_StitchLightmapSeams: 1
  m_SelectedEditorRenderState: 0
  m_MinimumChartSize: 4
  m_AutoUVMaxDistance: 0.5
  m_AutoUVMaxAngle: 89
  m_LightmapParameters: {fileID: 0}
  m_SortingLayerID: 0
  m_SortingLayer: 0
  m_SortingOrder: 0
  m_Sprite: {fileID: 21300000, guid: 4cbc879550e5e374a925e2e0a84d6f3c, type: 3}
  m_Color: {r: 0, g: 0.7038727, b: 1, a: 0.76862746}
  m_FlipX: 0
  m_FlipY: 0
  m_DrawMode: 0
  m_Size: {x: 5.12, y: 5.12}
  m_AdaptiveModeThreshold: 0.5
  m_SpriteTileMode: 0
  m_WasSpriteAssigned: 1
  m_MaskInteraction: 0
  m_SpriteSortPoint: 0
--- !u!114 &9011977568669293324
MonoBehaviour:
  m_ObjectHideFlags: 0
  m_CorrespondingSourceObject: {fileID: 0}
  m_PrefabInstance: {fileID: 0}
  m_PrefabAsset: {fileID: 0}
  m_GameObject: {fileID: 1528902515}
  m_Enabled: 1
  m_EditorHideFlags: 0
  m_Script: {fileID: 11500000, guid: 5767d42a8e9c02643bc76c64a0f993e6, type: 3}
  m_Name: 
  m_EditorClassIdentifier: 
--- !u!1 &1111188777483505972
GameObject:
  m_ObjectHideFlags: 0
  m_CorrespondingSourceObject: {fileID: 0}
  m_PrefabInstance: {fileID: 0}
  m_PrefabAsset: {fileID: 0}
  serializedVersion: 6
  m_Component:
  - component: {fileID: 1111188777483505968}
  - component: {fileID: 1111188777483505969}
  - component: {fileID: 1111188777483505974}
  - component: {fileID: 1111188777483505975}
  - component: {fileID: 1111188777483505971}
  - component: {fileID: 1111188777483505970}
  - component: {fileID: 1111188777483505997}
  m_Layer: 0
  m_Name: PlayerBall
  m_TagString: Player
  m_Icon: {fileID: 0}
  m_NavMeshLayer: 0
  m_StaticEditorFlags: 0
  m_IsActive: 1
--- !u!4 &1111188777483505968
Transform:
  m_ObjectHideFlags: 0
  m_CorrespondingSourceObject: {fileID: 0}
  m_PrefabInstance: {fileID: 0}
  m_PrefabAsset: {fileID: 0}
  m_GameObject: {fileID: 1111188777483505972}
  m_LocalRotation: {x: -0, y: -0, z: -0, w: 1}
  m_LocalPosition: {x: 0, y: 0, z: 0}
  m_LocalScale: {x: 5, y: 5, z: 5}
  m_Children: []
  m_Father: {fileID: 1111188777540567648}
  m_RootOrder: 0
  m_LocalEulerAnglesHint: {x: 0, y: 0, z: 0}
--- !u!33 &1111188777483505969
MeshFilter:
  m_ObjectHideFlags: 0
  m_CorrespondingSourceObject: {fileID: 0}
  m_PrefabInstance: {fileID: 0}
  m_PrefabAsset: {fileID: 0}
  m_GameObject: {fileID: 1111188777483505972}
  m_Mesh: {fileID: 10207, guid: 0000000000000000e000000000000000, type: 0}
--- !u!23 &1111188777483505974
MeshRenderer:
  m_ObjectHideFlags: 0
  m_CorrespondingSourceObject: {fileID: 0}
  m_PrefabInstance: {fileID: 0}
  m_PrefabAsset: {fileID: 0}
  m_GameObject: {fileID: 1111188777483505972}
  m_Enabled: 0
  m_CastShadows: 0
  m_ReceiveShadows: 0
  m_DynamicOccludee: 1
  m_MotionVectors: 1
  m_LightProbeUsage: 1
  m_ReflectionProbeUsage: 1
  m_RayTracingMode: 2
  m_RenderingLayerMask: 1
  m_RendererPriority: 0
  m_Materials:
  - {fileID: 2100000, guid: 33ffb0872d6a1b940895f6a00bf639f9, type: 2}
  m_StaticBatchInfo:
    firstSubMesh: 0
    subMeshCount: 0
  m_StaticBatchRoot: {fileID: 0}
  m_ProbeAnchor: {fileID: 0}
  m_LightProbeVolumeOverride: {fileID: 0}
  m_ScaleInLightmap: 1
  m_ReceiveGI: 1
  m_PreserveUVs: 0
  m_IgnoreNormalsForChartDetection: 0
  m_ImportantGI: 0
  m_StitchLightmapSeams: 1
  m_SelectedEditorRenderState: 3
  m_MinimumChartSize: 4
  m_AutoUVMaxDistance: 0.5
  m_AutoUVMaxAngle: 89
  m_LightmapParameters: {fileID: 0}
  m_SortingLayerID: 0
  m_SortingLayer: 0
  m_SortingOrder: 0
--- !u!135 &1111188777483505975
SphereCollider:
  m_ObjectHideFlags: 0
  m_CorrespondingSourceObject: {fileID: 0}
  m_PrefabInstance: {fileID: 0}
  m_PrefabAsset: {fileID: 0}
  m_GameObject: {fileID: 1111188777483505972}
  m_Material: {fileID: 13400000, guid: 51ea239b73944044daab4133b857bbdb, type: 2}
  m_IsTrigger: 0
  m_Enabled: 1
  serializedVersion: 2
  m_Radius: 0.5
  m_Center: {x: 0, y: 0, z: 0}
--- !u!54 &1111188777483505971
Rigidbody:
  m_ObjectHideFlags: 0
  m_CorrespondingSourceObject: {fileID: 0}
  m_PrefabInstance: {fileID: 0}
  m_PrefabAsset: {fileID: 0}
  m_GameObject: {fileID: 1111188777483505972}
  serializedVersion: 2
  m_Mass: 1
  m_Drag: 0.2
  m_AngularDrag: 0.2
  m_UseGravity: 1
  m_IsKinematic: 0
  m_Interpolate: 0
  m_Constraints: 0
  m_CollisionDetection: 1
--- !u!114 &1111188777483505970
MonoBehaviour:
  m_ObjectHideFlags: 0
  m_CorrespondingSourceObject: {fileID: 0}
  m_PrefabInstance: {fileID: 0}
  m_PrefabAsset: {fileID: 0}
  m_GameObject: {fileID: 1111188777483505972}
  m_Enabled: 1
  m_EditorHideFlags: 0
  m_Script: {fileID: 11500000, guid: a7cbd46b21abf4d428366c796b288231, type: 3}
  m_Name: 
  m_EditorClassIdentifier: 
  jumpForce: 150
  speed: 40
  inDash: 0
  inDashTime: 0.5
  dashChargeTime: 0.8
  dashCooldownTime: 2.2
  dashCool: 0
  dashTrailTimer: 0
  dashMultiplier: 3
  chargingDash: 0
  myRb: {fileID: 0}
  brakeForce: 0.1
  droidBody: {fileID: 9146570474179902646}
  dashVfx: {fileID: 1854854489728914, guid: e9e9e8a8860bb5b4bb27e1c0106eae03, type: 3}
  fire: {fileID: 0}
  fireTrail: {fileID: 0}
  fireBall: {fileID: 0}
  ice: {fileID: 0}
  iceTrail: {fileID: 0}
  iceBall: {fileID: 0}
  acid: {fileID: 0}
  acidTrail: {fileID: 0}
  acidBall: {fileID: 0}
  spark: {fileID: 0}
  sparkTrail: {fileID: 0}
  sparkBall: {fileID: 0}
  magnet: {fileID: 0}
  dashChargeBar: {fileID: 0}
  playerLoc: {fileID: 1111188777272897305}
  charge: 0
--- !u!114 &1111188777483505997
MonoBehaviour:
  m_ObjectHideFlags: 0
  m_CorrespondingSourceObject: {fileID: 0}
  m_PrefabInstance: {fileID: 0}
  m_PrefabAsset: {fileID: 0}
  m_GameObject: {fileID: 1111188777483505972}
  m_Enabled: 1
  m_EditorHideFlags: 0
  m_Script: {fileID: 11500000, guid: 9e165c82c0ce092408f2d40b00914226, type: 3}
  m_Name: 
  m_EditorClassIdentifier: 
  HealthBar: {fileID: 811708203831971392}
  AmmoBar: {fileID: 0}
  XPBar: {fileID: 0}
  healthNum: {fileID: 0}
  HealthBarBG: {fileID: 8921045948697513953}
  ammoNum: {fileID: 0}
  skillPointsNum: {fileID: 0}
  coinNum: {fileID: 0}
  ChargeBar: {fileID: 0}
  health: 0
  maxHealth: 10
  ammo: 0
  maxAmmo: 100
  ammoFillrate: 0
  maxCharge: 100
  charge: 0
  chargeFillrate: 0
  reloading: 0
  loadedStats: 0
  dashDamage: 0
  skillPoints: 0
  levelCost: 0
  skillLevel: 0
  damage: 0
  weaponName: 
  coins: 0
  speed: 0
  HitVFX: {fileID: 1475206537000770, guid: 50bdf17a8ac3d2540a5a16af212ec203, type: 3}
  LvlUpVFX: {fileID: 0}
  activeWepaonSlot: {fileID: 0}
  activeWeapon: {fileID: 0}
  pControl: {fileID: 0}
  camShake: {fileID: 0}
  playerData: {fileID: 0}
  levelManager: {fileID: 0}
  weaponsList: []
--- !u!1 &1111188777540567649
GameObject:
  m_ObjectHideFlags: 0
  m_CorrespondingSourceObject: {fileID: 0}
  m_PrefabInstance: {fileID: 0}
  m_PrefabAsset: {fileID: 0}
  serializedVersion: 6
  m_Component:
  - component: {fileID: 1111188777540567648}
  m_Layer: 0
  m_Name: DroidSetUP
  m_TagString: Untagged
  m_Icon: {fileID: 0}
  m_NavMeshLayer: 0
  m_StaticEditorFlags: 0
  m_IsActive: 1
--- !u!4 &1111188777540567648
Transform:
  m_ObjectHideFlags: 0
  m_CorrespondingSourceObject: {fileID: 0}
  m_PrefabInstance: {fileID: 0}
  m_PrefabAsset: {fileID: 0}
  m_GameObject: {fileID: 1111188777540567649}
  m_LocalRotation: {x: 0, y: 0, z: 0, w: 1}
  m_LocalPosition: {x: 0, y: 0, z: 0}
  m_LocalScale: {x: 1, y: 1, z: 1}
  m_Children:
  - {fileID: 1111188777483505968}
  - {fileID: 9146570474179902646}
  - {fileID: 1528902516}
  - {fileID: 5318362177601680621}
  - {fileID: 4319134466465993592}
  - {fileID: 903919054547494806}
  - {fileID: 9152164804933106690}
  - {fileID: 5347781231877612290}
  - {fileID: 5648508150059461554}
  m_Father: {fileID: 0}
  m_RootOrder: 0
  m_LocalEulerAnglesHint: {x: 0, y: 0, z: 0}
--- !u!114 &3931012059278725767
MonoBehaviour:
  m_ObjectHideFlags: 0
  m_CorrespondingSourceObject: {fileID: 0}
  m_PrefabInstance: {fileID: 0}
  m_PrefabAsset: {fileID: 0}
  m_GameObject: {fileID: 5318362177601680620}
  m_Enabled: 1
  m_EditorHideFlags: 0
  m_Script: {fileID: 11500000, guid: c7e5b899099417846a773292bda4348b, type: 3}
  m_Name: 
  m_EditorClassIdentifier: 
  enemiesList: []
  closetEnemy: {fileID: 0}
  enemies: []
  maxRange: 1000
  enemiesKilled: 0
--- !u!1001 &1617666406040882578
PrefabInstance:
  m_ObjectHideFlags: 0
  serializedVersion: 2
  m_Modification:
    m_TransformParent: {fileID: 1111188777540567648}
    m_Modifications:
    - target: {fileID: 7597605972579250576, guid: 6da9997f8fa53c54ca4b610e72bd1879,
        type: 3}
      propertyPath: m_LocalPosition.x
      value: 0
      objectReference: {fileID: 0}
    - target: {fileID: 7597605972579250576, guid: 6da9997f8fa53c54ca4b610e72bd1879,
        type: 3}
      propertyPath: m_LocalPosition.y
      value: 0
      objectReference: {fileID: 0}
    - target: {fileID: 7597605972579250576, guid: 6da9997f8fa53c54ca4b610e72bd1879,
        type: 3}
      propertyPath: m_LocalPosition.z
      value: 0.04
      objectReference: {fileID: 0}
    - target: {fileID: 7597605972579250576, guid: 6da9997f8fa53c54ca4b610e72bd1879,
        type: 3}
      propertyPath: m_RootOrder
      value: 6
      objectReference: {fileID: 0}
    - target: {fileID: 7597605972579250576, guid: 6da9997f8fa53c54ca4b610e72bd1879,
        type: 3}
      propertyPath: m_LocalEulerAnglesHint.x
      value: 0
      objectReference: {fileID: 0}
    - target: {fileID: 7597605972579250576, guid: 6da9997f8fa53c54ca4b610e72bd1879,
        type: 3}
      propertyPath: m_LocalEulerAnglesHint.y
      value: 0
      objectReference: {fileID: 0}
    - target: {fileID: 7597605972579250576, guid: 6da9997f8fa53c54ca4b610e72bd1879,
        type: 3}
      propertyPath: m_LocalEulerAnglesHint.z
      value: 0
      objectReference: {fileID: 0}
    - target: {fileID: 7597605972579250577, guid: 6da9997f8fa53c54ca4b610e72bd1879,
        type: 3}
      propertyPath: m_Name
      value: FireOrbiter
      objectReference: {fileID: 0}
    - target: {fileID: 7597605972579250577, guid: 6da9997f8fa53c54ca4b610e72bd1879,
        type: 3}
      propertyPath: m_IsActive
      value: 1
      objectReference: {fileID: 0}
    m_RemovedComponents: []
  m_SourcePrefab: {fileID: 100100000, guid: 6da9997f8fa53c54ca4b610e72bd1879, type: 3}
--- !u!4 &9152164804933106690 stripped
Transform:
  m_CorrespondingSourceObject: {fileID: 7597605972579250576, guid: 6da9997f8fa53c54ca4b610e72bd1879,
    type: 3}
  m_PrefabInstance: {fileID: 1617666406040882578}
  m_PrefabAsset: {fileID: 0}
--- !u!1001 &3279058686888012955
PrefabInstance:
  m_ObjectHideFlags: 0
  serializedVersion: 2
  m_Modification:
    m_TransformParent: {fileID: 1111188777540567648}
    m_Modifications:
    - target: {fileID: 1118637966396925371, guid: 5abe4d5897265764ea170461bf2b3acd,
        type: 3}
      propertyPath: m_Materials.Array.data[0]
      value: 
      objectReference: {fileID: 2100000, guid: 040ed5423becdcf448484163fa0bc3ba, type: 2}
    - target: {fileID: 2404380790763922727, guid: 5abe4d5897265764ea170461bf2b3acd,
        type: 3}
      propertyPath: m_Materials.Array.data[0]
      value: 
      objectReference: {fileID: 2100000, guid: 32a9efe525f33244eb1494d89adbf56b, type: 2}
    - target: {fileID: 2463702813898934678, guid: 5abe4d5897265764ea170461bf2b3acd,
        type: 3}
      propertyPath: m_Materials.Array.data[0]
      value: 
      objectReference: {fileID: 2100000, guid: 040ed5423becdcf448484163fa0bc3ba, type: 2}
    - target: {fileID: 2515879204841456514, guid: 5abe4d5897265764ea170461bf2b3acd,
        type: 3}
      propertyPath: m_SortingOrder
      value: 2
      objectReference: {fileID: 0}
    - target: {fileID: 2515879204841456514, guid: 5abe4d5897265764ea170461bf2b3acd,
        type: 3}
      propertyPath: m_Sprite
      value: 
      objectReference: {fileID: 21300000, guid: 84487d73ca4b791498332d8f6858417f,
        type: 3}
    - target: {fileID: 2515879204841456514, guid: 5abe4d5897265764ea170461bf2b3acd,
        type: 3}
      propertyPath: m_Color.r
      value: 0
      objectReference: {fileID: 0}
    - target: {fileID: 2515879204841456514, guid: 5abe4d5897265764ea170461bf2b3acd,
        type: 3}
      propertyPath: m_Color.g
      value: 0
      objectReference: {fileID: 0}
    - target: {fileID: 2515879204841456514, guid: 5abe4d5897265764ea170461bf2b3acd,
        type: 3}
      propertyPath: m_Color.b
      value: 0
      objectReference: {fileID: 0}
    - target: {fileID: 2515879204841456514, guid: 5abe4d5897265764ea170461bf2b3acd,
        type: 3}
      propertyPath: m_Color.a
      value: 1
      objectReference: {fileID: 0}
    - target: {fileID: 2515879204841456516, guid: 5abe4d5897265764ea170461bf2b3acd,
        type: 3}
      propertyPath: m_IsActive
      value: 1
      objectReference: {fileID: 0}
    - target: {fileID: 2515879204841456517, guid: 5abe4d5897265764ea170461bf2b3acd,
        type: 3}
      propertyPath: m_LocalScale.x
      value: 0.6
      objectReference: {fileID: 0}
    - target: {fileID: 2515879204841456517, guid: 5abe4d5897265764ea170461bf2b3acd,
        type: 3}
      propertyPath: m_LocalScale.y
      value: 0.6
      objectReference: {fileID: 0}
    - target: {fileID: 2515879204841456517, guid: 5abe4d5897265764ea170461bf2b3acd,
        type: 3}
      propertyPath: m_LocalScale.z
      value: 0.6
      objectReference: {fileID: 0}
    - target: {fileID: 2515879204841456517, guid: 5abe4d5897265764ea170461bf2b3acd,
        type: 3}
      propertyPath: m_LocalPosition.y
      value: -2
      objectReference: {fileID: 0}
    - target: {fileID: 4945703806645605290, guid: 5abe4d5897265764ea170461bf2b3acd,
        type: 3}
      propertyPath: m_LocalPosition.y
      value: 0.57
      objectReference: {fileID: 0}
    - target: {fileID: 4945703806645605290, guid: 5abe4d5897265764ea170461bf2b3acd,
        type: 3}
      propertyPath: m_LocalPosition.z
      value: 0.34
      objectReference: {fileID: 0}
    - target: {fileID: 4945703806645605290, guid: 5abe4d5897265764ea170461bf2b3acd,
        type: 3}
      propertyPath: m_LocalScale.x
      value: 2
      objectReference: {fileID: 0}
    - target: {fileID: 4945703806645605290, guid: 5abe4d5897265764ea170461bf2b3acd,
        type: 3}
      propertyPath: m_LocalScale.y
      value: 2
      objectReference: {fileID: 0}
    - target: {fileID: 4945703806645605290, guid: 5abe4d5897265764ea170461bf2b3acd,
        type: 3}
      propertyPath: m_LocalScale.z
      value: 2
      objectReference: {fileID: 0}
    - target: {fileID: 6011931540258279466, guid: 5abe4d5897265764ea170461bf2b3acd,
        type: 3}
      propertyPath: target
      value: 
      objectReference: {fileID: 1111188777483505972}
    - target: {fileID: 6011931540258279466, guid: 5abe4d5897265764ea170461bf2b3acd,
        type: 3}
      propertyPath: followSpeed
      value: 10
      objectReference: {fileID: 0}
    - target: {fileID: 6011931540258279466, guid: 5abe4d5897265764ea170461bf2b3acd,
        type: 3}
      propertyPath: rotateSpeed
      value: 10
      objectReference: {fileID: 0}
    - target: {fileID: 6011931540258279466, guid: 5abe4d5897265764ea170461bf2b3acd,
        type: 3}
      propertyPath: aimStats
      value: 
      objectReference: {fileID: 0}
    - target: {fileID: 6011931540258279466, guid: 5abe4d5897265764ea170461bf2b3acd,
        type: 3}
      propertyPath: smoothfollow
      value: 0
      objectReference: {fileID: 0}
    - target: {fileID: 6011931540258279466, guid: 5abe4d5897265764ea170461bf2b3acd,
        type: 3}
      propertyPath: yOff
      value: 3
      objectReference: {fileID: 0}
    - target: {fileID: 6011931540258279468, guid: 5abe4d5897265764ea170461bf2b3acd,
        type: 3}
      propertyPath: m_Name
      value: Player
      objectReference: {fileID: 0}
    - target: {fileID: 6011931540258279469, guid: 5abe4d5897265764ea170461bf2b3acd,
        type: 3}
      propertyPath: m_LocalPosition.x
      value: 0
      objectReference: {fileID: 0}
    - target: {fileID: 6011931540258279469, guid: 5abe4d5897265764ea170461bf2b3acd,
        type: 3}
      propertyPath: m_LocalPosition.y
      value: 0
      objectReference: {fileID: 0}
    - target: {fileID: 6011931540258279469, guid: 5abe4d5897265764ea170461bf2b3acd,
        type: 3}
      propertyPath: m_LocalPosition.z
      value: 0
      objectReference: {fileID: 0}
    - target: {fileID: 6011931540258279469, guid: 5abe4d5897265764ea170461bf2b3acd,
        type: 3}
      propertyPath: m_LocalRotation.x
      value: 0
      objectReference: {fileID: 0}
    - target: {fileID: 6011931540258279469, guid: 5abe4d5897265764ea170461bf2b3acd,
        type: 3}
      propertyPath: m_LocalRotation.y
      value: 0
      objectReference: {fileID: 0}
    - target: {fileID: 6011931540258279469, guid: 5abe4d5897265764ea170461bf2b3acd,
        type: 3}
      propertyPath: m_LocalRotation.z
      value: 0
      objectReference: {fileID: 0}
    - target: {fileID: 6011931540258279469, guid: 5abe4d5897265764ea170461bf2b3acd,
        type: 3}
      propertyPath: m_LocalRotation.w
      value: 1
      objectReference: {fileID: 0}
    - target: {fileID: 6011931540258279469, guid: 5abe4d5897265764ea170461bf2b3acd,
        type: 3}
      propertyPath: m_RootOrder
      value: 1
      objectReference: {fileID: 0}
    - target: {fileID: 6011931540258279469, guid: 5abe4d5897265764ea170461bf2b3acd,
        type: 3}
      propertyPath: m_LocalEulerAnglesHint.x
      value: 0
      objectReference: {fileID: 0}
    - target: {fileID: 6011931540258279469, guid: 5abe4d5897265764ea170461bf2b3acd,
        type: 3}
      propertyPath: m_LocalEulerAnglesHint.y
      value: 0
      objectReference: {fileID: 0}
    - target: {fileID: 6011931540258279469, guid: 5abe4d5897265764ea170461bf2b3acd,
        type: 3}
      propertyPath: m_LocalEulerAnglesHint.z
      value: 0
      objectReference: {fileID: 0}
    - target: {fileID: 6011931540258279469, guid: 5abe4d5897265764ea170461bf2b3acd,
        type: 3}
      propertyPath: m_LocalScale.x
      value: 2
      objectReference: {fileID: 0}
    - target: {fileID: 6011931540258279469, guid: 5abe4d5897265764ea170461bf2b3acd,
        type: 3}
      propertyPath: m_LocalScale.y
      value: 2
      objectReference: {fileID: 0}
    - target: {fileID: 6011931540258279469, guid: 5abe4d5897265764ea170461bf2b3acd,
        type: 3}
      propertyPath: m_LocalScale.z
      value: 2
      objectReference: {fileID: 0}
    - target: {fileID: 8063061657036469218, guid: 5abe4d5897265764ea170461bf2b3acd,
        type: 3}
      propertyPath: m_LocalPosition.y
      value: 0.89
      objectReference: {fileID: 0}
    - target: {fileID: 8063061657036469218, guid: 5abe4d5897265764ea170461bf2b3acd,
        type: 3}
      propertyPath: m_LocalPosition.z
      value: -0.16
      objectReference: {fileID: 0}
    m_RemovedComponents: []
  m_SourcePrefab: {fileID: 100100000, guid: 5abe4d5897265764ea170461bf2b3acd, type: 3}
--- !u!4 &9146570474179902646 stripped
Transform:
  m_CorrespondingSourceObject: {fileID: 6011931540258279469, guid: 5abe4d5897265764ea170461bf2b3acd,
    type: 3}
  m_PrefabInstance: {fileID: 3279058686888012955}
  m_PrefabAsset: {fileID: 0}
--- !u!212 &1111188777272897305 stripped
SpriteRenderer:
  m_CorrespondingSourceObject: {fileID: 2515879204841456514, guid: 5abe4d5897265764ea170461bf2b3acd,
    type: 3}
  m_PrefabInstance: {fileID: 3279058686888012955}
  m_PrefabAsset: {fileID: 0}
--- !u!1 &2562257386393305201 stripped
GameObject:
  m_CorrespondingSourceObject: {fileID: 1013161503001832682, guid: 5abe4d5897265764ea170461bf2b3acd,
    type: 3}
  m_PrefabInstance: {fileID: 3279058686888012955}
  m_PrefabAsset: {fileID: 0}
--- !u!114 &8921045948697513953 stripped
MonoBehaviour:
  m_CorrespondingSourceObject: {fileID: 6218453517058958202, guid: 5abe4d5897265764ea170461bf2b3acd,
    type: 3}
  m_PrefabInstance: {fileID: 3279058686888012955}
  m_PrefabAsset: {fileID: 0}
  m_GameObject: {fileID: 0}
  m_Enabled: 1
  m_EditorHideFlags: 0
  m_Script: {fileID: 11500000, guid: fe87c0e1cc204ed48ad3b37840f39efc, type: 3}
  m_Name: 
  m_EditorClassIdentifier: 
--- !u!114 &811708203831971392 stripped
MonoBehaviour:
  m_CorrespondingSourceObject: {fileID: 2792876972566553307, guid: 5abe4d5897265764ea170461bf2b3acd,
    type: 3}
  m_PrefabInstance: {fileID: 3279058686888012955}
  m_PrefabAsset: {fileID: 0}
  m_GameObject: {fileID: 0}
  m_Enabled: 1
  m_EditorHideFlags: 0
  m_Script: {fileID: 11500000, guid: fe87c0e1cc204ed48ad3b37840f39efc, type: 3}
  m_Name: 
  m_EditorClassIdentifier: 
--- !u!1001 &4056062198663309740
PrefabInstance:
  m_ObjectHideFlags: 0
  serializedVersion: 2
  m_Modification:
    m_TransformParent: {fileID: 1111188777540567648}
    m_Modifications:
    - target: {fileID: 114174475158662603, guid: 9f4e7160a4ccb044cae82a78e80857f9,
        type: 3}
      propertyPath: reticle
      value: 
      objectReference: {fileID: 1528902515}
    - target: {fileID: 556243999319768942, guid: 9f4e7160a4ccb044cae82a78e80857f9,
        type: 3}
      propertyPath: stats
      value: 
      objectReference: {fileID: 1111188777483505997}
    - target: {fileID: 661130017951449672, guid: 9f4e7160a4ccb044cae82a78e80857f9,
        type: 3}
      propertyPath: rotationSpeed
      value: 500
      objectReference: {fileID: 0}
    - target: {fileID: 661130017951449672, guid: 9f4e7160a4ccb044cae82a78e80857f9,
        type: 3}
      propertyPath: reticle
      value: 
      objectReference: {fileID: 1528902515}
    - target: {fileID: 1081219961067802861, guid: 9f4e7160a4ccb044cae82a78e80857f9,
        type: 3}
      propertyPath: stats
      value: 
      objectReference: {fileID: 1111188777483505997}
    - target: {fileID: 1961949465694645032, guid: 9f4e7160a4ccb044cae82a78e80857f9,
        type: 3}
      propertyPath: clipBar
      value: 
      objectReference: {fileID: 0}
    - target: {fileID: 8179831239967333696, guid: 9f4e7160a4ccb044cae82a78e80857f9,
        type: 3}
      propertyPath: m_Name
      value: Gun
      objectReference: {fileID: 0}
    - target: {fileID: 8179831239967333697, guid: 9f4e7160a4ccb044cae82a78e80857f9,
        type: 3}
      propertyPath: m_LocalPosition.x
      value: 0
      objectReference: {fileID: 0}
    - target: {fileID: 8179831239967333697, guid: 9f4e7160a4ccb044cae82a78e80857f9,
        type: 3}
      propertyPath: m_LocalPosition.y
      value: 0
      objectReference: {fileID: 0}
    - target: {fileID: 8179831239967333697, guid: 9f4e7160a4ccb044cae82a78e80857f9,
        type: 3}
      propertyPath: m_LocalPosition.z
      value: 0
      objectReference: {fileID: 0}
    - target: {fileID: 8179831239967333697, guid: 9f4e7160a4ccb044cae82a78e80857f9,
        type: 3}
      propertyPath: m_LocalRotation.x
      value: -0
      objectReference: {fileID: 0}
    - target: {fileID: 8179831239967333697, guid: 9f4e7160a4ccb044cae82a78e80857f9,
        type: 3}
      propertyPath: m_LocalRotation.y
      value: -0
      objectReference: {fileID: 0}
    - target: {fileID: 8179831239967333697, guid: 9f4e7160a4ccb044cae82a78e80857f9,
        type: 3}
      propertyPath: m_LocalRotation.z
      value: -0
      objectReference: {fileID: 0}
    - target: {fileID: 8179831239967333697, guid: 9f4e7160a4ccb044cae82a78e80857f9,
        type: 3}
      propertyPath: m_LocalRotation.w
      value: 1
      objectReference: {fileID: 0}
    - target: {fileID: 8179831239967333697, guid: 9f4e7160a4ccb044cae82a78e80857f9,
        type: 3}
      propertyPath: m_RootOrder
      value: 3
      objectReference: {fileID: 0}
    - target: {fileID: 8179831239967333697, guid: 9f4e7160a4ccb044cae82a78e80857f9,
        type: 3}
      propertyPath: m_LocalEulerAnglesHint.x
      value: 0
      objectReference: {fileID: 0}
    - target: {fileID: 8179831239967333697, guid: 9f4e7160a4ccb044cae82a78e80857f9,
        type: 3}
      propertyPath: m_LocalEulerAnglesHint.y
      value: 0
      objectReference: {fileID: 0}
    - target: {fileID: 8179831239967333697, guid: 9f4e7160a4ccb044cae82a78e80857f9,
        type: 3}
      propertyPath: m_LocalEulerAnglesHint.z
      value: 0
      objectReference: {fileID: 0}
    - target: {fileID: 8179831239967333697, guid: 9f4e7160a4ccb044cae82a78e80857f9,
        type: 3}
      propertyPath: m_LocalScale.x
      value: 2
      objectReference: {fileID: 0}
    - target: {fileID: 8179831239967333697, guid: 9f4e7160a4ccb044cae82a78e80857f9,
        type: 3}
      propertyPath: m_LocalScale.y
      value: 2
      objectReference: {fileID: 0}
    - target: {fileID: 8179831239967333697, guid: 9f4e7160a4ccb044cae82a78e80857f9,
        type: 3}
      propertyPath: m_LocalScale.z
      value: 2
      objectReference: {fileID: 0}
    - target: {fileID: 8179831239967333702, guid: 9f4e7160a4ccb044cae82a78e80857f9,
        type: 3}
      propertyPath: target
      value: 
      objectReference: {fileID: 2562257386393305201}
    - target: {fileID: 8179831239967333702, guid: 9f4e7160a4ccb044cae82a78e80857f9,
        type: 3}
      propertyPath: followSpeed
      value: 20
      objectReference: {fileID: 0}
    - target: {fileID: 8179831239967333702, guid: 9f4e7160a4ccb044cae82a78e80857f9,
        type: 3}
      propertyPath: yOff
      value: 1
      objectReference: {fileID: 0}
    - target: {fileID: 8179831239967333702, guid: 9f4e7160a4ccb044cae82a78e80857f9,
        type: 3}
      propertyPath: rotateSpeed
      value: 20
      objectReference: {fileID: 0}
    m_RemovedComponents:
    - {fileID: 6758967637411511539, guid: 9f4e7160a4ccb044cae82a78e80857f9, type: 3}
  m_SourcePrefab: {fileID: 100100000, guid: 9f4e7160a4ccb044cae82a78e80857f9, type: 3}
--- !u!1 &5318362177601680620 stripped
GameObject:
  m_CorrespondingSourceObject: {fileID: 8179831239967333696, guid: 9f4e7160a4ccb044cae82a78e80857f9,
    type: 3}
  m_PrefabInstance: {fileID: 4056062198663309740}
  m_PrefabAsset: {fileID: 0}
--- !u!4 &5318362177601680621 stripped
Transform:
  m_CorrespondingSourceObject: {fileID: 8179831239967333697, guid: 9f4e7160a4ccb044cae82a78e80857f9,
    type: 3}
  m_PrefabInstance: {fileID: 4056062198663309740}
  m_PrefabAsset: {fileID: 0}
--- !u!1001 &4187828453559056545
PrefabInstance:
  m_ObjectHideFlags: 0
  serializedVersion: 2
  m_Modification:
    m_TransformParent: {fileID: 1111188777540567648}
    m_Modifications:
    - target: {fileID: 8394058752014701330, guid: 1c4c2c79b8486ca4b9899fed39be02bb,
        type: 3}
      propertyPath: m_Name
      value: SparkOrbiter
      objectReference: {fileID: 0}
    - target: {fileID: 8394058752014701331, guid: 1c4c2c79b8486ca4b9899fed39be02bb,
        type: 3}
      propertyPath: m_LocalPosition.x
      value: 0
      objectReference: {fileID: 0}
    - target: {fileID: 8394058752014701331, guid: 1c4c2c79b8486ca4b9899fed39be02bb,
        type: 3}
      propertyPath: m_LocalPosition.y
      value: 0
      objectReference: {fileID: 0}
    - target: {fileID: 8394058752014701331, guid: 1c4c2c79b8486ca4b9899fed39be02bb,
        type: 3}
      propertyPath: m_LocalPosition.z
      value: 0.04
      objectReference: {fileID: 0}
    - target: {fileID: 8394058752014701331, guid: 1c4c2c79b8486ca4b9899fed39be02bb,
        type: 3}
      propertyPath: m_LocalRotation.x
      value: -0
      objectReference: {fileID: 0}
    - target: {fileID: 8394058752014701331, guid: 1c4c2c79b8486ca4b9899fed39be02bb,
        type: 3}
      propertyPath: m_LocalRotation.y
      value: -0
      objectReference: {fileID: 0}
    - target: {fileID: 8394058752014701331, guid: 1c4c2c79b8486ca4b9899fed39be02bb,
        type: 3}
      propertyPath: m_LocalRotation.z
      value: -0
      objectReference: {fileID: 0}
    - target: {fileID: 8394058752014701331, guid: 1c4c2c79b8486ca4b9899fed39be02bb,
        type: 3}
      propertyPath: m_LocalRotation.w
      value: 1
      objectReference: {fileID: 0}
    - target: {fileID: 8394058752014701331, guid: 1c4c2c79b8486ca4b9899fed39be02bb,
        type: 3}
      propertyPath: m_RootOrder
      value: 8
      objectReference: {fileID: 0}
    - target: {fileID: 8394058752014701331, guid: 1c4c2c79b8486ca4b9899fed39be02bb,
        type: 3}
      propertyPath: m_LocalEulerAnglesHint.x
      value: 0
      objectReference: {fileID: 0}
    - target: {fileID: 8394058752014701331, guid: 1c4c2c79b8486ca4b9899fed39be02bb,
        type: 3}
      propertyPath: m_LocalEulerAnglesHint.y
      value: 0
      objectReference: {fileID: 0}
    - target: {fileID: 8394058752014701331, guid: 1c4c2c79b8486ca4b9899fed39be02bb,
        type: 3}
      propertyPath: m_LocalEulerAnglesHint.z
      value: 0
      objectReference: {fileID: 0}
    m_RemovedComponents: []
  m_SourcePrefab: {fileID: 100100000, guid: 1c4c2c79b8486ca4b9899fed39be02bb, type: 3}
--- !u!4 &5648508150059461554 stripped
Transform:
  m_CorrespondingSourceObject: {fileID: 8394058752014701331, guid: 1c4c2c79b8486ca4b9899fed39be02bb,
    type: 3}
  m_PrefabInstance: {fileID: 4187828453559056545}
  m_PrefabAsset: {fileID: 0}
--- !u!1001 &4488555303151382545
PrefabInstance:
  m_ObjectHideFlags: 0
  serializedVersion: 2
  m_Modification:
    m_TransformParent: {fileID: 1111188777540567648}
    m_Modifications:
    - target: {fileID: 8394058752014701330, guid: 263a39a96ca96d14abfa5b3cc9564608,
        type: 3}
      propertyPath: m_Name
      value: AcidOrbiter
      objectReference: {fileID: 0}
    - target: {fileID: 8394058752014701331, guid: 263a39a96ca96d14abfa5b3cc9564608,
        type: 3}
      propertyPath: m_LocalPosition.x
      value: 0
      objectReference: {fileID: 0}
    - target: {fileID: 8394058752014701331, guid: 263a39a96ca96d14abfa5b3cc9564608,
        type: 3}
      propertyPath: m_LocalPosition.y
      value: 0
      objectReference: {fileID: 0}
    - target: {fileID: 8394058752014701331, guid: 263a39a96ca96d14abfa5b3cc9564608,
        type: 3}
      propertyPath: m_LocalPosition.z
      value: 0.04
      objectReference: {fileID: 0}
    - target: {fileID: 8394058752014701331, guid: 263a39a96ca96d14abfa5b3cc9564608,
        type: 3}
      propertyPath: m_LocalRotation.x
      value: -0
      objectReference: {fileID: 0}
    - target: {fileID: 8394058752014701331, guid: 263a39a96ca96d14abfa5b3cc9564608,
        type: 3}
      propertyPath: m_LocalRotation.y
      value: -0
      objectReference: {fileID: 0}
    - target: {fileID: 8394058752014701331, guid: 263a39a96ca96d14abfa5b3cc9564608,
        type: 3}
      propertyPath: m_LocalRotation.z
      value: -0
      objectReference: {fileID: 0}
    - target: {fileID: 8394058752014701331, guid: 263a39a96ca96d14abfa5b3cc9564608,
        type: 3}
      propertyPath: m_LocalRotation.w
      value: 1
      objectReference: {fileID: 0}
    - target: {fileID: 8394058752014701331, guid: 263a39a96ca96d14abfa5b3cc9564608,
        type: 3}
      propertyPath: m_RootOrder
      value: 7
      objectReference: {fileID: 0}
    - target: {fileID: 8394058752014701331, guid: 263a39a96ca96d14abfa5b3cc9564608,
        type: 3}
      propertyPath: m_LocalEulerAnglesHint.x
      value: 0
      objectReference: {fileID: 0}
    - target: {fileID: 8394058752014701331, guid: 263a39a96ca96d14abfa5b3cc9564608,
        type: 3}
      propertyPath: m_LocalEulerAnglesHint.y
      value: 0
      objectReference: {fileID: 0}
    - target: {fileID: 8394058752014701331, guid: 263a39a96ca96d14abfa5b3cc9564608,
        type: 3}
      propertyPath: m_LocalEulerAnglesHint.z
      value: 0
      objectReference: {fileID: 0}
    m_RemovedComponents: []
  m_SourcePrefab: {fileID: 100100000, guid: 263a39a96ca96d14abfa5b3cc9564608, type: 3}
--- !u!4 &5347781231877612290 stripped
Transform:
  m_CorrespondingSourceObject: {fileID: 8394058752014701331, guid: 263a39a96ca96d14abfa5b3cc9564608,
    type: 3}
  m_PrefabInstance: {fileID: 4488555303151382545}
  m_PrefabAsset: {fileID: 0}
--- !u!1001 &5944957705350472424
PrefabInstance:
  m_ObjectHideFlags: 0
  serializedVersion: 2
  m_Modification:
    m_TransformParent: {fileID: 1111188777540567648}
    m_Modifications:
    - target: {fileID: 595684006138367278, guid: 3ba74b218fee1f643926ff30e42baf01,
        type: 3}
      propertyPath: m_IsActive
      value: 1
      objectReference: {fileID: 0}
    - target: {fileID: 5365901978657996932, guid: 3ba74b218fee1f643926ff30e42baf01,
        type: 3}
      propertyPath: m_LocalPosition.z
      value: 0.75
      objectReference: {fileID: 0}
    - target: {fileID: 7597605972579250576, guid: 3ba74b218fee1f643926ff30e42baf01,
        type: 3}
      propertyPath: m_LocalPosition.x
      value: 0
      objectReference: {fileID: 0}
    - target: {fileID: 7597605972579250576, guid: 3ba74b218fee1f643926ff30e42baf01,
        type: 3}
      propertyPath: m_LocalPosition.y
      value: 0
      objectReference: {fileID: 0}
    - target: {fileID: 7597605972579250576, guid: 3ba74b218fee1f643926ff30e42baf01,
        type: 3}
      propertyPath: m_LocalPosition.z
      value: 0.04
      objectReference: {fileID: 0}
    - target: {fileID: 7597605972579250576, guid: 3ba74b218fee1f643926ff30e42baf01,
        type: 3}
      propertyPath: m_RootOrder
      value: 4
      objectReference: {fileID: 0}
    - target: {fileID: 7597605972579250576, guid: 3ba74b218fee1f643926ff30e42baf01,
        type: 3}
      propertyPath: m_LocalEulerAnglesHint.x
      value: 0
      objectReference: {fileID: 0}
    - target: {fileID: 7597605972579250576, guid: 3ba74b218fee1f643926ff30e42baf01,
        type: 3}
      propertyPath: m_LocalEulerAnglesHint.y
      value: -45
      objectReference: {fileID: 0}
    - target: {fileID: 7597605972579250576, guid: 3ba74b218fee1f643926ff30e42baf01,
        type: 3}
      propertyPath: m_LocalEulerAnglesHint.z
      value: 0
      objectReference: {fileID: 0}
    - target: {fileID: 7597605972579250576, guid: 3ba74b218fee1f643926ff30e42baf01,
        type: 3}
      propertyPath: m_LocalRotation.x
      value: -0
      objectReference: {fileID: 0}
    - target: {fileID: 7597605972579250576, guid: 3ba74b218fee1f643926ff30e42baf01,
        type: 3}
      propertyPath: m_LocalRotation.z
      value: -0
      objectReference: {fileID: 0}
    - target: {fileID: 7597605972579250577, guid: 3ba74b218fee1f643926ff30e42baf01,
        type: 3}
      propertyPath: m_Name
      value: BladeOrbiter
      objectReference: {fileID: 0}
    - target: {fileID: 7597605972579250577, guid: 3ba74b218fee1f643926ff30e42baf01,
        type: 3}
      propertyPath: m_IsActive
      value: 1
      objectReference: {fileID: 0}
    - target: {fileID: 7597605972579250579, guid: 3ba74b218fee1f643926ff30e42baf01,
        type: 3}
      propertyPath: speed
      value: 100
      objectReference: {fileID: 0}
    m_RemovedComponents:
    - {fileID: 7597605972579250578, guid: 3ba74b218fee1f643926ff30e42baf01, type: 3}
    - {fileID: 7597605972579250589, guid: 3ba74b218fee1f643926ff30e42baf01, type: 3}
  m_SourcePrefab: {fileID: 100100000, guid: 3ba74b218fee1f643926ff30e42baf01, type: 3}
--- !u!4 &4319134466465993592 stripped
Transform:
  m_CorrespondingSourceObject: {fileID: 7597605972579250576, guid: 3ba74b218fee1f643926ff30e42baf01,
    type: 3}
  m_PrefabInstance: {fileID: 5944957705350472424}
  m_PrefabAsset: {fileID: 0}
--- !u!1001 &7348541947721176582
PrefabInstance:
  m_ObjectHideFlags: 0
  serializedVersion: 2
  m_Modification:
    m_TransformParent: {fileID: 1111188777540567648}
    m_Modifications:
    - target: {fileID: 7597605972579250576, guid: 0c86fd61056bb9c44912da41f8b4dd3d,
        type: 3}
      propertyPath: m_LocalPosition.x
      value: 0
      objectReference: {fileID: 0}
    - target: {fileID: 7597605972579250576, guid: 0c86fd61056bb9c44912da41f8b4dd3d,
        type: 3}
      propertyPath: m_LocalPosition.y
      value: 0
      objectReference: {fileID: 0}
    - target: {fileID: 7597605972579250576, guid: 0c86fd61056bb9c44912da41f8b4dd3d,
        type: 3}
      propertyPath: m_LocalPosition.z
      value: 0.04
      objectReference: {fileID: 0}
    - target: {fileID: 7597605972579250576, guid: 0c86fd61056bb9c44912da41f8b4dd3d,
        type: 3}
      propertyPath: m_RootOrder
      value: 5
      objectReference: {fileID: 0}
    - target: {fileID: 7597605972579250576, guid: 0c86fd61056bb9c44912da41f8b4dd3d,
        type: 3}
      propertyPath: m_LocalEulerAnglesHint.x
      value: 0
      objectReference: {fileID: 0}
    - target: {fileID: 7597605972579250576, guid: 0c86fd61056bb9c44912da41f8b4dd3d,
        type: 3}
      propertyPath: m_LocalEulerAnglesHint.y
      value: 45
      objectReference: {fileID: 0}
    - target: {fileID: 7597605972579250576, guid: 0c86fd61056bb9c44912da41f8b4dd3d,
        type: 3}
      propertyPath: m_LocalEulerAnglesHint.z
      value: 0
      objectReference: {fileID: 0}
    - target: {fileID: 7597605972579250576, guid: 0c86fd61056bb9c44912da41f8b4dd3d,
        type: 3}
      propertyPath: m_LocalRotation.x
      value: -0
      objectReference: {fileID: 0}
    - target: {fileID: 7597605972579250576, guid: 0c86fd61056bb9c44912da41f8b4dd3d,
        type: 3}
      propertyPath: m_LocalRotation.z
      value: -0
      objectReference: {fileID: 0}
    - target: {fileID: 7597605972579250577, guid: 0c86fd61056bb9c44912da41f8b4dd3d,
        type: 3}
      propertyPath: m_Name
      value: IceOrbiter
      objectReference: {fileID: 0}
    - target: {fileID: 7597605972579250577, guid: 0c86fd61056bb9c44912da41f8b4dd3d,
        type: 3}
      propertyPath: m_IsActive
      value: 1
      objectReference: {fileID: 0}
    m_RemovedComponents: []
  m_SourcePrefab: {fileID: 100100000, guid: 0c86fd61056bb9c44912da41f8b4dd3d, type: 3}
--- !u!4 &903919054547494806 stripped
Transform:
  m_CorrespondingSourceObject: {fileID: 7597605972579250576, guid: 0c86fd61056bb9c44912da41f8b4dd3d,
    type: 3}
  m_PrefabInstance: {fileID: 7348541947721176582}
  m_PrefabAsset: {fileID: 0}
