%YAML 1.1
%TAG !u! tag:unity3d.com,2011:
--- !u!1 &5407357986779378301
GameObject:
  m_ObjectHideFlags: 0
  m_CorrespondingSourceObject: {fileID: 0}
  m_PrefabInstance: {fileID: 0}
  m_PrefabAsset: {fileID: 0}
  serializedVersion: 6
  m_Component:
  - component: {fileID: 2300633541790262569}
  m_Layer: 0
  m_Name: SpikeSet01
  m_TagString: Untagged
  m_Icon: {fileID: 0}
  m_NavMeshLayer: 0
  m_StaticEditorFlags: 0
  m_IsActive: 1
--- !u!4 &2300633541790262569
Transform:
  m_ObjectHideFlags: 0
  m_CorrespondingSourceObject: {fileID: 0}
  m_PrefabInstance: {fileID: 0}
  m_PrefabAsset: {fileID: 0}
  m_GameObject: {fileID: 5407357986779378301}
  m_LocalRotation: {x: -0, y: -0, z: -0, w: 1}
  m_LocalPosition: {x: 0, y: 0, z: 0}
  m_LocalScale: {x: 1, y: 1, z: 1}
  m_Children:
  - {fileID: 2052618395310481543}
  - {fileID: 1145556897095652747}
  - {fileID: 4984219050938776477}
  - {fileID: 976190860739509125}
  - {fileID: 2856065116918823402}
  - {fileID: 823106511499588447}
  - {fileID: 1033758048614884164}
  - {fileID: 344245713552069999}
  - {fileID: 2725374710050846828}
  m_Father: {fileID: 0}
  m_RootOrder: 0
  m_LocalEulerAnglesHint: {x: 0, y: 0, z: 0}
--- !u!1001 &1822998778294506392
PrefabInstance:
  m_ObjectHideFlags: 0
  serializedVersion: 2
  m_Modification:
    m_TransformParent: {fileID: 2300633541790262569}
    m_Modifications:
    - target: {fileID: 4534667073915431538, guid: 2c28e6f911df0ca46a85d32c32de31a3,
        type: 3}
      propertyPath: m_LocalPosition.x
      value: 0
      objectReference: {fileID: 0}
    - target: {fileID: 4534667073915431538, guid: 2c28e6f911df0ca46a85d32c32de31a3,
        type: 3}
      propertyPath: m_LocalPosition.y
      value: 0
      objectReference: {fileID: 0}
    - target: {fileID: 4534667073915431538, guid: 2c28e6f911df0ca46a85d32c32de31a3,
        type: 3}
      propertyPath: m_LocalPosition.z
      value: 12.5
      objectReference: {fileID: 0}
    - target: {fileID: 4534667073915431538, guid: 2c28e6f911df0ca46a85d32c32de31a3,
        type: 3}
      propertyPath: m_LocalRotation.x
      value: 0
      objectReference: {fileID: 0}
    - target: {fileID: 4534667073915431538, guid: 2c28e6f911df0ca46a85d32c32de31a3,
        type: 3}
      propertyPath: m_LocalRotation.y
      value: 0
      objectReference: {fileID: 0}
    - target: {fileID: 4534667073915431538, guid: 2c28e6f911df0ca46a85d32c32de31a3,
        type: 3}
      propertyPath: m_LocalRotation.z
      value: 0
      objectReference: {fileID: 0}
    - target: {fileID: 4534667073915431538, guid: 2c28e6f911df0ca46a85d32c32de31a3,
        type: 3}
      propertyPath: m_LocalRotation.w
      value: 1
      objectReference: {fileID: 0}
    - target: {fileID: 4534667073915431538, guid: 2c28e6f911df0ca46a85d32c32de31a3,
        type: 3}
      propertyPath: m_RootOrder
      value: 4
      objectReference: {fileID: 0}
    - target: {fileID: 4534667073915431538, guid: 2c28e6f911df0ca46a85d32c32de31a3,
        type: 3}
      propertyPath: m_LocalEulerAnglesHint.x
      value: 0
      objectReference: {fileID: 0}
    - target: {fileID: 4534667073915431538, guid: 2c28e6f911df0ca46a85d32c32de31a3,
        type: 3}
      propertyPath: m_LocalEulerAnglesHint.y
      value: 0
      objectReference: {fileID: 0}
    - target: {fileID: 4534667073915431538, guid: 2c28e6f911df0ca46a85d32c32de31a3,
        type: 3}
      propertyPath: m_LocalEulerAnglesHint.z
      value: 0
      objectReference: {fileID: 0}
    - target: {fileID: 4534667073915431542, guid: 2c28e6f911df0ca46a85d32c32de31a3,
        type: 3}
      propertyPath: m_Name
      value: SpikeTrap (4)
      objectReference: {fileID: 0}
    - target: {fileID: 4534667073915431821, guid: 2c28e6f911df0ca46a85d32c32de31a3,
        type: 3}
      propertyPath: offset
      value: 0.5
      objectReference: {fileID: 0}
    - target: {fileID: 4534667073915431821, guid: 2c28e6f911df0ca46a85d32c32de31a3,
        type: 3}
      propertyPath: delay
      value: 0.4
      objectReference: {fileID: 0}
    - target: {fileID: 4534667073915431821, guid: 2c28e6f911df0ca46a85d32c32de31a3,
        type: 3}
      propertyPath: activeTime
      value: 1
      objectReference: {fileID: 0}
    m_RemovedComponents: []
  m_SourcePrefab: {fileID: 100100000, guid: 2c28e6f911df0ca46a85d32c32de31a3, type: 3}
--- !u!4 &2856065116918823402 stripped
Transform:
  m_CorrespondingSourceObject: {fileID: 4534667073915431538, guid: 2c28e6f911df0ca46a85d32c32de31a3,
    type: 3}
  m_PrefabInstance: {fileID: 1822998778294506392}
  m_PrefabAsset: {fileID: 0}
--- !u!1001 &1962485827536310814
PrefabInstance:
  m_ObjectHideFlags: 0
  serializedVersion: 2
  m_Modification:
    m_TransformParent: {fileID: 2300633541790262569}
    m_Modifications:
    - target: {fileID: 4534667073915431538, guid: 2c28e6f911df0ca46a85d32c32de31a3,
        type: 3}
      propertyPath: m_LocalPosition.x
      value: 12.5
      objectReference: {fileID: 0}
    - target: {fileID: 4534667073915431538, guid: 2c28e6f911df0ca46a85d32c32de31a3,
        type: 3}
      propertyPath: m_LocalPosition.y
      value: 0
      objectReference: {fileID: 0}
    - target: {fileID: 4534667073915431538, guid: 2c28e6f911df0ca46a85d32c32de31a3,
        type: 3}
      propertyPath: m_LocalPosition.z
      value: 0
      objectReference: {fileID: 0}
    - target: {fileID: 4534667073915431538, guid: 2c28e6f911df0ca46a85d32c32de31a3,
        type: 3}
      propertyPath: m_LocalRotation.x
      value: 0
      objectReference: {fileID: 0}
    - target: {fileID: 4534667073915431538, guid: 2c28e6f911df0ca46a85d32c32de31a3,
        type: 3}
      propertyPath: m_LocalRotation.y
      value: 0
      objectReference: {fileID: 0}
    - target: {fileID: 4534667073915431538, guid: 2c28e6f911df0ca46a85d32c32de31a3,
        type: 3}
      propertyPath: m_LocalRotation.z
      value: 0
      objectReference: {fileID: 0}
    - target: {fileID: 4534667073915431538, guid: 2c28e6f911df0ca46a85d32c32de31a3,
        type: 3}
      propertyPath: m_LocalRotation.w
      value: 1
      objectReference: {fileID: 0}
    - target: {fileID: 4534667073915431538, guid: 2c28e6f911df0ca46a85d32c32de31a3,
        type: 3}
      propertyPath: m_RootOrder
      value: 8
      objectReference: {fileID: 0}
    - target: {fileID: 4534667073915431538, guid: 2c28e6f911df0ca46a85d32c32de31a3,
        type: 3}
      propertyPath: m_LocalEulerAnglesHint.x
      value: 0
      objectReference: {fileID: 0}
    - target: {fileID: 4534667073915431538, guid: 2c28e6f911df0ca46a85d32c32de31a3,
        type: 3}
      propertyPath: m_LocalEulerAnglesHint.y
      value: 0
      objectReference: {fileID: 0}
    - target: {fileID: 4534667073915431538, guid: 2c28e6f911df0ca46a85d32c32de31a3,
        type: 3}
      propertyPath: m_LocalEulerAnglesHint.z
      value: 0
      objectReference: {fileID: 0}
    - target: {fileID: 4534667073915431542, guid: 2c28e6f911df0ca46a85d32c32de31a3,
        type: 3}
      propertyPath: m_Name
      value: SpikeTrap (8)
      objectReference: {fileID: 0}
    - target: {fileID: 4534667073915431821, guid: 2c28e6f911df0ca46a85d32c32de31a3,
        type: 3}
      propertyPath: offset
      value: 1
      objectReference: {fileID: 0}
    - target: {fileID: 4534667073915431821, guid: 2c28e6f911df0ca46a85d32c32de31a3,
        type: 3}
      propertyPath: delay
      value: 0.4
      objectReference: {fileID: 0}
    - target: {fileID: 4534667073915431821, guid: 2c28e6f911df0ca46a85d32c32de31a3,
        type: 3}
      propertyPath: activeTime
      value: 1
      objectReference: {fileID: 0}
    m_RemovedComponents: []
  m_SourcePrefab: {fileID: 100100000, guid: 2c28e6f911df0ca46a85d32c32de31a3, type: 3}
--- !u!4 &2725374710050846828 stripped
Transform:
  m_CorrespondingSourceObject: {fileID: 4534667073915431538, guid: 2c28e6f911df0ca46a85d32c32de31a3,
    type: 3}
  m_PrefabInstance: {fileID: 1962485827536310814}
  m_PrefabAsset: {fileID: 0}
--- !u!1001 &2491055896265378549
PrefabInstance:
  m_ObjectHideFlags: 0
  serializedVersion: 2
  m_Modification:
    m_TransformParent: {fileID: 2300633541790262569}
    m_Modifications:
    - target: {fileID: 4534667073915431538, guid: 2c28e6f911df0ca46a85d32c32de31a3,
        type: 3}
      propertyPath: m_LocalPosition.x
      value: 0
      objectReference: {fileID: 0}
    - target: {fileID: 4534667073915431538, guid: 2c28e6f911df0ca46a85d32c32de31a3,
        type: 3}
      propertyPath: m_LocalPosition.y
      value: 0
      objectReference: {fileID: 0}
    - target: {fileID: 4534667073915431538, guid: 2c28e6f911df0ca46a85d32c32de31a3,
        type: 3}
      propertyPath: m_LocalPosition.z
      value: -12.5
      objectReference: {fileID: 0}
    - target: {fileID: 4534667073915431538, guid: 2c28e6f911df0ca46a85d32c32de31a3,
        type: 3}
      propertyPath: m_LocalRotation.x
      value: 0
      objectReference: {fileID: 0}
    - target: {fileID: 4534667073915431538, guid: 2c28e6f911df0ca46a85d32c32de31a3,
        type: 3}
      propertyPath: m_LocalRotation.y
      value: 0
      objectReference: {fileID: 0}
    - target: {fileID: 4534667073915431538, guid: 2c28e6f911df0ca46a85d32c32de31a3,
        type: 3}
      propertyPath: m_LocalRotation.z
      value: 0
      objectReference: {fileID: 0}
    - target: {fileID: 4534667073915431538, guid: 2c28e6f911df0ca46a85d32c32de31a3,
        type: 3}
      propertyPath: m_LocalRotation.w
      value: 1
      objectReference: {fileID: 0}
    - target: {fileID: 4534667073915431538, guid: 2c28e6f911df0ca46a85d32c32de31a3,
        type: 3}
      propertyPath: m_RootOrder
      value: 0
      objectReference: {fileID: 0}
    - target: {fileID: 4534667073915431538, guid: 2c28e6f911df0ca46a85d32c32de31a3,
        type: 3}
      propertyPath: m_LocalEulerAnglesHint.x
      value: 0
      objectReference: {fileID: 0}
    - target: {fileID: 4534667073915431538, guid: 2c28e6f911df0ca46a85d32c32de31a3,
        type: 3}
      propertyPath: m_LocalEulerAnglesHint.y
      value: 0
      objectReference: {fileID: 0}
    - target: {fileID: 4534667073915431538, guid: 2c28e6f911df0ca46a85d32c32de31a3,
        type: 3}
      propertyPath: m_LocalEulerAnglesHint.z
      value: 0
      objectReference: {fileID: 0}
    - target: {fileID: 4534667073915431542, guid: 2c28e6f911df0ca46a85d32c32de31a3,
        type: 3}
      propertyPath: m_Name
      value: SpikeTrap
      objectReference: {fileID: 0}
    - target: {fileID: 4534667073915431821, guid: 2c28e6f911df0ca46a85d32c32de31a3,
        type: 3}
      propertyPath: offset
      value: 0.5
      objectReference: {fileID: 0}
    - target: {fileID: 4534667073915431821, guid: 2c28e6f911df0ca46a85d32c32de31a3,
        type: 3}
      propertyPath: delay
      value: 0.4
      objectReference: {fileID: 0}
    - target: {fileID: 4534667073915431821, guid: 2c28e6f911df0ca46a85d32c32de31a3,
        type: 3}
      propertyPath: activeTime
      value: 1
      objectReference: {fileID: 0}
    m_RemovedComponents: []
  m_SourcePrefab: {fileID: 100100000, guid: 2c28e6f911df0ca46a85d32c32de31a3, type: 3}
--- !u!4 &2052618395310481543 stripped
Transform:
  m_CorrespondingSourceObject: {fileID: 4534667073915431538, guid: 2c28e6f911df0ca46a85d32c32de31a3,
    type: 3}
  m_PrefabInstance: {fileID: 2491055896265378549}
  m_PrefabAsset: {fileID: 0}
--- !u!1001 &3510268774933039414
PrefabInstance:
  m_ObjectHideFlags: 0
  serializedVersion: 2
  m_Modification:
    m_TransformParent: {fileID: 2300633541790262569}
    m_Modifications:
    - target: {fileID: 4534667073915431538, guid: 2c28e6f911df0ca46a85d32c32de31a3,
        type: 3}
      propertyPath: m_LocalPosition.x
      value: -12.5
      objectReference: {fileID: 0}
    - target: {fileID: 4534667073915431538, guid: 2c28e6f911df0ca46a85d32c32de31a3,
        type: 3}
      propertyPath: m_LocalPosition.y
      value: 0
      objectReference: {fileID: 0}
    - target: {fileID: 4534667073915431538, guid: 2c28e6f911df0ca46a85d32c32de31a3,
        type: 3}
      propertyPath: m_LocalPosition.z
      value: -0.0000011473894
      objectReference: {fileID: 0}
    - target: {fileID: 4534667073915431538, guid: 2c28e6f911df0ca46a85d32c32de31a3,
        type: 3}
      propertyPath: m_LocalRotation.x
      value: 0
      objectReference: {fileID: 0}
    - target: {fileID: 4534667073915431538, guid: 2c28e6f911df0ca46a85d32c32de31a3,
        type: 3}
      propertyPath: m_LocalRotation.y
      value: 0
      objectReference: {fileID: 0}
    - target: {fileID: 4534667073915431538, guid: 2c28e6f911df0ca46a85d32c32de31a3,
        type: 3}
      propertyPath: m_LocalRotation.z
      value: 0
      objectReference: {fileID: 0}
    - target: {fileID: 4534667073915431538, guid: 2c28e6f911df0ca46a85d32c32de31a3,
        type: 3}
      propertyPath: m_LocalRotation.w
      value: 1
      objectReference: {fileID: 0}
    - target: {fileID: 4534667073915431538, guid: 2c28e6f911df0ca46a85d32c32de31a3,
        type: 3}
      propertyPath: m_RootOrder
      value: 6
      objectReference: {fileID: 0}
    - target: {fileID: 4534667073915431538, guid: 2c28e6f911df0ca46a85d32c32de31a3,
        type: 3}
      propertyPath: m_LocalEulerAnglesHint.x
      value: 0
      objectReference: {fileID: 0}
    - target: {fileID: 4534667073915431538, guid: 2c28e6f911df0ca46a85d32c32de31a3,
        type: 3}
      propertyPath: m_LocalEulerAnglesHint.y
      value: 0
      objectReference: {fileID: 0}
    - target: {fileID: 4534667073915431538, guid: 2c28e6f911df0ca46a85d32c32de31a3,
        type: 3}
      propertyPath: m_LocalEulerAnglesHint.z
      value: 0
      objectReference: {fileID: 0}
    - target: {fileID: 4534667073915431542, guid: 2c28e6f911df0ca46a85d32c32de31a3,
        type: 3}
      propertyPath: m_Name
      value: SpikeTrap (6)
      objectReference: {fileID: 0}
    - target: {fileID: 4534667073915431821, guid: 2c28e6f911df0ca46a85d32c32de31a3,
        type: 3}
      propertyPath: delay
      value: 0.4
      objectReference: {fileID: 0}
    - target: {fileID: 4534667073915431821, guid: 2c28e6f911df0ca46a85d32c32de31a3,
        type: 3}
      propertyPath: activeTime
      value: 1
      objectReference: {fileID: 0}
    m_RemovedComponents: []
  m_SourcePrefab: {fileID: 100100000, guid: 2c28e6f911df0ca46a85d32c32de31a3, type: 3}
--- !u!4 &1033758048614884164 stripped
Transform:
  m_CorrespondingSourceObject: {fileID: 4534667073915431538, guid: 2c28e6f911df0ca46a85d32c32de31a3,
    type: 3}
  m_PrefabInstance: {fileID: 3510268774933039414}
  m_PrefabAsset: {fileID: 0}
--- !u!1001 &3534070340655333369
PrefabInstance:
  m_ObjectHideFlags: 0
  serializedVersion: 2
  m_Modification:
    m_TransformParent: {fileID: 2300633541790262569}
    m_Modifications:
    - target: {fileID: 4534667073915431538, guid: 2c28e6f911df0ca46a85d32c32de31a3,
        type: 3}
      propertyPath: m_LocalPosition.x
      value: -12.5
      objectReference: {fileID: 0}
    - target: {fileID: 4534667073915431538, guid: 2c28e6f911df0ca46a85d32c32de31a3,
        type: 3}
      propertyPath: m_LocalPosition.y
      value: 0
      objectReference: {fileID: 0}
    - target: {fileID: 4534667073915431538, guid: 2c28e6f911df0ca46a85d32c32de31a3,
        type: 3}
      propertyPath: m_LocalPosition.z
      value: -12.5
      objectReference: {fileID: 0}
    - target: {fileID: 4534667073915431538, guid: 2c28e6f911df0ca46a85d32c32de31a3,
        type: 3}
      propertyPath: m_LocalRotation.x
      value: 0
      objectReference: {fileID: 0}
    - target: {fileID: 4534667073915431538, guid: 2c28e6f911df0ca46a85d32c32de31a3,
        type: 3}
      propertyPath: m_LocalRotation.y
      value: 0
      objectReference: {fileID: 0}
    - target: {fileID: 4534667073915431538, guid: 2c28e6f911df0ca46a85d32c32de31a3,
        type: 3}
      propertyPath: m_LocalRotation.z
      value: 0
      objectReference: {fileID: 0}
    - target: {fileID: 4534667073915431538, guid: 2c28e6f911df0ca46a85d32c32de31a3,
        type: 3}
      propertyPath: m_LocalRotation.w
      value: 1
      objectReference: {fileID: 0}
    - target: {fileID: 4534667073915431538, guid: 2c28e6f911df0ca46a85d32c32de31a3,
        type: 3}
      propertyPath: m_RootOrder
      value: 1
      objectReference: {fileID: 0}
    - target: {fileID: 4534667073915431538, guid: 2c28e6f911df0ca46a85d32c32de31a3,
        type: 3}
      propertyPath: m_LocalEulerAnglesHint.x
      value: 0
      objectReference: {fileID: 0}
    - target: {fileID: 4534667073915431538, guid: 2c28e6f911df0ca46a85d32c32de31a3,
        type: 3}
      propertyPath: m_LocalEulerAnglesHint.y
      value: 0
      objectReference: {fileID: 0}
    - target: {fileID: 4534667073915431538, guid: 2c28e6f911df0ca46a85d32c32de31a3,
        type: 3}
      propertyPath: m_LocalEulerAnglesHint.z
      value: 0
      objectReference: {fileID: 0}
    - target: {fileID: 4534667073915431542, guid: 2c28e6f911df0ca46a85d32c32de31a3,
        type: 3}
      propertyPath: m_Name
      value: SpikeTrap (1)
      objectReference: {fileID: 0}
    - target: {fileID: 4534667073915431821, guid: 2c28e6f911df0ca46a85d32c32de31a3,
        type: 3}
      propertyPath: delay
      value: 0.4
      objectReference: {fileID: 0}
    - target: {fileID: 4534667073915431821, guid: 2c28e6f911df0ca46a85d32c32de31a3,
        type: 3}
      propertyPath: activeTime
      value: 1
      objectReference: {fileID: 0}
    m_RemovedComponents: []
  m_SourcePrefab: {fileID: 100100000, guid: 2c28e6f911df0ca46a85d32c32de31a3, type: 3}
--- !u!4 &1145556897095652747 stripped
Transform:
  m_CorrespondingSourceObject: {fileID: 4534667073915431538, guid: 2c28e6f911df0ca46a85d32c32de31a3,
    type: 3}
  m_PrefabInstance: {fileID: 3534070340655333369}
  m_PrefabAsset: {fileID: 0}
--- !u!1001 &3702662340559229431
PrefabInstance:
  m_ObjectHideFlags: 0
  serializedVersion: 2
  m_Modification:
    m_TransformParent: {fileID: 2300633541790262569}
    m_Modifications:
    - target: {fileID: 4534667073915431538, guid: 2c28e6f911df0ca46a85d32c32de31a3,
        type: 3}
      propertyPath: m_LocalPosition.x
      value: -12.5
      objectReference: {fileID: 0}
    - target: {fileID: 4534667073915431538, guid: 2c28e6f911df0ca46a85d32c32de31a3,
        type: 3}
      propertyPath: m_LocalPosition.y
      value: 0
      objectReference: {fileID: 0}
    - target: {fileID: 4534667073915431538, guid: 2c28e6f911df0ca46a85d32c32de31a3,
        type: 3}
      propertyPath: m_LocalPosition.z
      value: 12.5
      objectReference: {fileID: 0}
    - target: {fileID: 4534667073915431538, guid: 2c28e6f911df0ca46a85d32c32de31a3,
        type: 3}
      propertyPath: m_LocalRotation.x
      value: 0
      objectReference: {fileID: 0}
    - target: {fileID: 4534667073915431538, guid: 2c28e6f911df0ca46a85d32c32de31a3,
        type: 3}
      propertyPath: m_LocalRotation.y
      value: 0
      objectReference: {fileID: 0}
    - target: {fileID: 4534667073915431538, guid: 2c28e6f911df0ca46a85d32c32de31a3,
        type: 3}
      propertyPath: m_LocalRotation.z
      value: 0
      objectReference: {fileID: 0}
    - target: {fileID: 4534667073915431538, guid: 2c28e6f911df0ca46a85d32c32de31a3,
        type: 3}
      propertyPath: m_LocalRotation.w
      value: 1
      objectReference: {fileID: 0}
    - target: {fileID: 4534667073915431538, guid: 2c28e6f911df0ca46a85d32c32de31a3,
        type: 3}
      propertyPath: m_RootOrder
      value: 3
      objectReference: {fileID: 0}
    - target: {fileID: 4534667073915431538, guid: 2c28e6f911df0ca46a85d32c32de31a3,
        type: 3}
      propertyPath: m_LocalEulerAnglesHint.x
      value: 0
      objectReference: {fileID: 0}
    - target: {fileID: 4534667073915431538, guid: 2c28e6f911df0ca46a85d32c32de31a3,
        type: 3}
      propertyPath: m_LocalEulerAnglesHint.y
      value: 0
      objectReference: {fileID: 0}
    - target: {fileID: 4534667073915431538, guid: 2c28e6f911df0ca46a85d32c32de31a3,
        type: 3}
      propertyPath: m_LocalEulerAnglesHint.z
      value: 0
      objectReference: {fileID: 0}
    - target: {fileID: 4534667073915431542, guid: 2c28e6f911df0ca46a85d32c32de31a3,
        type: 3}
      propertyPath: m_Name
      value: SpikeTrap (3)
      objectReference: {fileID: 0}
    - target: {fileID: 4534667073915431821, guid: 2c28e6f911df0ca46a85d32c32de31a3,
        type: 3}
      propertyPath: delay
      value: 0.4
      objectReference: {fileID: 0}
    - target: {fileID: 4534667073915431821, guid: 2c28e6f911df0ca46a85d32c32de31a3,
        type: 3}
      propertyPath: activeTime
      value: 1
      objectReference: {fileID: 0}
    m_RemovedComponents: []
  m_SourcePrefab: {fileID: 100100000, guid: 2c28e6f911df0ca46a85d32c32de31a3, type: 3}
--- !u!4 &976190860739509125 stripped
Transform:
  m_CorrespondingSourceObject: {fileID: 4534667073915431538, guid: 2c28e6f911df0ca46a85d32c32de31a3,
    type: 3}
  m_PrefabInstance: {fileID: 3702662340559229431}
  m_PrefabAsset: {fileID: 0}
--- !u!1001 &3855675770225416493
PrefabInstance:
  m_ObjectHideFlags: 0
  serializedVersion: 2
  m_Modification:
    m_TransformParent: {fileID: 2300633541790262569}
    m_Modifications:
    - target: {fileID: 4534667073915431538, guid: 2c28e6f911df0ca46a85d32c32de31a3,
        type: 3}
      propertyPath: m_LocalPosition.x
      value: 12.5
      objectReference: {fileID: 0}
    - target: {fileID: 4534667073915431538, guid: 2c28e6f911df0ca46a85d32c32de31a3,
        type: 3}
      propertyPath: m_LocalPosition.y
      value: 0
      objectReference: {fileID: 0}
    - target: {fileID: 4534667073915431538, guid: 2c28e6f911df0ca46a85d32c32de31a3,
        type: 3}
      propertyPath: m_LocalPosition.z
      value: 12.500001
      objectReference: {fileID: 0}
    - target: {fileID: 4534667073915431538, guid: 2c28e6f911df0ca46a85d32c32de31a3,
        type: 3}
      propertyPath: m_LocalRotation.x
      value: 0
      objectReference: {fileID: 0}
    - target: {fileID: 4534667073915431538, guid: 2c28e6f911df0ca46a85d32c32de31a3,
        type: 3}
      propertyPath: m_LocalRotation.y
      value: 0
      objectReference: {fileID: 0}
    - target: {fileID: 4534667073915431538, guid: 2c28e6f911df0ca46a85d32c32de31a3,
        type: 3}
      propertyPath: m_LocalRotation.z
      value: 0
      objectReference: {fileID: 0}
    - target: {fileID: 4534667073915431538, guid: 2c28e6f911df0ca46a85d32c32de31a3,
        type: 3}
      propertyPath: m_LocalRotation.w
      value: 1
      objectReference: {fileID: 0}
    - target: {fileID: 4534667073915431538, guid: 2c28e6f911df0ca46a85d32c32de31a3,
        type: 3}
      propertyPath: m_RootOrder
      value: 5
      objectReference: {fileID: 0}
    - target: {fileID: 4534667073915431538, guid: 2c28e6f911df0ca46a85d32c32de31a3,
        type: 3}
      propertyPath: m_LocalEulerAnglesHint.x
      value: 0
      objectReference: {fileID: 0}
    - target: {fileID: 4534667073915431538, guid: 2c28e6f911df0ca46a85d32c32de31a3,
        type: 3}
      propertyPath: m_LocalEulerAnglesHint.y
      value: 0
      objectReference: {fileID: 0}
    - target: {fileID: 4534667073915431538, guid: 2c28e6f911df0ca46a85d32c32de31a3,
        type: 3}
      propertyPath: m_LocalEulerAnglesHint.z
      value: 0
      objectReference: {fileID: 0}
    - target: {fileID: 4534667073915431542, guid: 2c28e6f911df0ca46a85d32c32de31a3,
        type: 3}
      propertyPath: m_Name
      value: SpikeTrap (5)
      objectReference: {fileID: 0}
    - target: {fileID: 4534667073915431821, guid: 2c28e6f911df0ca46a85d32c32de31a3,
        type: 3}
      propertyPath: offset
      value: 1
      objectReference: {fileID: 0}
    - target: {fileID: 4534667073915431821, guid: 2c28e6f911df0ca46a85d32c32de31a3,
        type: 3}
      propertyPath: delay
      value: 0.4
      objectReference: {fileID: 0}
    - target: {fileID: 4534667073915431821, guid: 2c28e6f911df0ca46a85d32c32de31a3,
        type: 3}
      propertyPath: activeTime
      value: 1
      objectReference: {fileID: 0}
    m_RemovedComponents: []
  m_SourcePrefab: {fileID: 100100000, guid: 2c28e6f911df0ca46a85d32c32de31a3, type: 3}
--- !u!4 &823106511499588447 stripped
Transform:
  m_CorrespondingSourceObject: {fileID: 4534667073915431538, guid: 2c28e6f911df0ca46a85d32c32de31a3,
    type: 3}
  m_PrefabInstance: {fileID: 3855675770225416493}
  m_PrefabAsset: {fileID: 0}
--- !u!1001 &4190984327919271709
PrefabInstance:
  m_ObjectHideFlags: 0
  serializedVersion: 2
  m_Modification:
    m_TransformParent: {fileID: 2300633541790262569}
    m_Modifications:
    - target: {fileID: 4534667073915431538, guid: 2c28e6f911df0ca46a85d32c32de31a3,
        type: 3}
      propertyPath: m_LocalPosition.x
      value: 0
      objectReference: {fileID: 0}
    - target: {fileID: 4534667073915431538, guid: 2c28e6f911df0ca46a85d32c32de31a3,
        type: 3}
      propertyPath: m_LocalPosition.y
      value: 0
      objectReference: {fileID: 0}
    - target: {fileID: 4534667073915431538, guid: 2c28e6f911df0ca46a85d32c32de31a3,
        type: 3}
      propertyPath: m_LocalPosition.z
      value: -0.0000011473894
      objectReference: {fileID: 0}
    - target: {fileID: 4534667073915431538, guid: 2c28e6f911df0ca46a85d32c32de31a3,
        type: 3}
      propertyPath: m_LocalRotation.x
      value: 0
      objectReference: {fileID: 0}
    - target: {fileID: 4534667073915431538, guid: 2c28e6f911df0ca46a85d32c32de31a3,
        type: 3}
      propertyPath: m_LocalRotation.y
      value: 0
      objectReference: {fileID: 0}
    - target: {fileID: 4534667073915431538, guid: 2c28e6f911df0ca46a85d32c32de31a3,
        type: 3}
      propertyPath: m_LocalRotation.z
      value: 0
      objectReference: {fileID: 0}
    - target: {fileID: 4534667073915431538, guid: 2c28e6f911df0ca46a85d32c32de31a3,
        type: 3}
      propertyPath: m_LocalRotation.w
      value: 1
      objectReference: {fileID: 0}
    - target: {fileID: 4534667073915431538, guid: 2c28e6f911df0ca46a85d32c32de31a3,
        type: 3}
      propertyPath: m_RootOrder
      value: 7
      objectReference: {fileID: 0}
    - target: {fileID: 4534667073915431538, guid: 2c28e6f911df0ca46a85d32c32de31a3,
        type: 3}
      propertyPath: m_LocalEulerAnglesHint.x
      value: 0
      objectReference: {fileID: 0}
    - target: {fileID: 4534667073915431538, guid: 2c28e6f911df0ca46a85d32c32de31a3,
        type: 3}
      propertyPath: m_LocalEulerAnglesHint.y
      value: 0
      objectReference: {fileID: 0}
    - target: {fileID: 4534667073915431538, guid: 2c28e6f911df0ca46a85d32c32de31a3,
        type: 3}
      propertyPath: m_LocalEulerAnglesHint.z
      value: 0
      objectReference: {fileID: 0}
    - target: {fileID: 4534667073915431542, guid: 2c28e6f911df0ca46a85d32c32de31a3,
        type: 3}
      propertyPath: m_Name
      value: SpikeTrap (7)
      objectReference: {fileID: 0}
    - target: {fileID: 4534667073915431821, guid: 2c28e6f911df0ca46a85d32c32de31a3,
        type: 3}
      propertyPath: offset
      value: 0.5
      objectReference: {fileID: 0}
    - target: {fileID: 4534667073915431821, guid: 2c28e6f911df0ca46a85d32c32de31a3,
        type: 3}
      propertyPath: delay
      value: 0.4
      objectReference: {fileID: 0}
    - target: {fileID: 4534667073915431821, guid: 2c28e6f911df0ca46a85d32c32de31a3,
        type: 3}
      propertyPath: activeTime
      value: 1
      objectReference: {fileID: 0}
    m_RemovedComponents: []
  m_SourcePrefab: {fileID: 100100000, guid: 2c28e6f911df0ca46a85d32c32de31a3, type: 3}
--- !u!4 &344245713552069999 stripped
Transform:
  m_CorrespondingSourceObject: {fileID: 4534667073915431538, guid: 2c28e6f911df0ca46a85d32c32de31a3,
    type: 3}
  m_PrefabInstance: {fileID: 4190984327919271709}
  m_PrefabAsset: {fileID: 0}
--- !u!1001 &8918780361527464431
PrefabInstance:
  m_ObjectHideFlags: 0
  serializedVersion: 2
  m_Modification:
    m_TransformParent: {fileID: 2300633541790262569}
    m_Modifications:
    - target: {fileID: 4534667073915431538, guid: 2c28e6f911df0ca46a85d32c32de31a3,
        type: 3}
      propertyPath: m_LocalPosition.x
      value: 12.5
      objectReference: {fileID: 0}
    - target: {fileID: 4534667073915431538, guid: 2c28e6f911df0ca46a85d32c32de31a3,
        type: 3}
      propertyPath: m_LocalPosition.y
      value: 0
      objectReference: {fileID: 0}
    - target: {fileID: 4534667073915431538, guid: 2c28e6f911df0ca46a85d32c32de31a3,
        type: 3}
      propertyPath: m_LocalPosition.z
      value: -12.5
      objectReference: {fileID: 0}
    - target: {fileID: 4534667073915431538, guid: 2c28e6f911df0ca46a85d32c32de31a3,
        type: 3}
      propertyPath: m_LocalRotation.x
      value: 0
      objectReference: {fileID: 0}
    - target: {fileID: 4534667073915431538, guid: 2c28e6f911df0ca46a85d32c32de31a3,
        type: 3}
      propertyPath: m_LocalRotation.y
      value: 0
      objectReference: {fileID: 0}
    - target: {fileID: 4534667073915431538, guid: 2c28e6f911df0ca46a85d32c32de31a3,
        type: 3}
      propertyPath: m_LocalRotation.z
      value: 0
      objectReference: {fileID: 0}
    - target: {fileID: 4534667073915431538, guid: 2c28e6f911df0ca46a85d32c32de31a3,
        type: 3}
      propertyPath: m_LocalRotation.w
      value: 1
      objectReference: {fileID: 0}
    - target: {fileID: 4534667073915431538, guid: 2c28e6f911df0ca46a85d32c32de31a3,
        type: 3}
      propertyPath: m_RootOrder
      value: 2
      objectReference: {fileID: 0}
    - target: {fileID: 4534667073915431538, guid: 2c28e6f911df0ca46a85d32c32de31a3,
        type: 3}
      propertyPath: m_LocalEulerAnglesHint.x
      value: 0
      objectReference: {fileID: 0}
    - target: {fileID: 4534667073915431538, guid: 2c28e6f911df0ca46a85d32c32de31a3,
        type: 3}
      propertyPath: m_LocalEulerAnglesHint.y
      value: 0
      objectReference: {fileID: 0}
    - target: {fileID: 4534667073915431538, guid: 2c28e6f911df0ca46a85d32c32de31a3,
        type: 3}
      propertyPath: m_LocalEulerAnglesHint.z
      value: 0
      objectReference: {fileID: 0}
    - target: {fileID: 4534667073915431542, guid: 2c28e6f911df0ca46a85d32c32de31a3,
        type: 3}
      propertyPath: m_Name
      value: SpikeTrap (2)
      objectReference: {fileID: 0}
    - target: {fileID: 4534667073915431821, guid: 2c28e6f911df0ca46a85d32c32de31a3,
        type: 3}
      propertyPath: offset
      value: 1
      objectReference: {fileID: 0}
    - target: {fileID: 4534667073915431821, guid: 2c28e6f911df0ca46a85d32c32de31a3,
        type: 3}
      propertyPath: delay
      value: 0.4
      objectReference: {fileID: 0}
    - target: {fileID: 4534667073915431821, guid: 2c28e6f911df0ca46a85d32c32de31a3,
        type: 3}
      propertyPath: activeTime
      value: 1
      objectReference: {fileID: 0}
    m_RemovedComponents: []
  m_SourcePrefab: {fileID: 100100000, guid: 2c28e6f911df0ca46a85d32c32de31a3, type: 3}
--- !u!4 &4984219050938776477 stripped
Transform:
  m_CorrespondingSourceObject: {fileID: 4534667073915431538, guid: 2c28e6f911df0ca46a85d32c32de31a3,
    type: 3}
  m_PrefabInstance: {fileID: 8918780361527464431}
  m_PrefabAsset: {fileID: 0}
