%YAML 1.1
%TAG !u! tag:unity3d.com,2011:
--- !u!1 &6628606258619123321
GameObject:
  m_ObjectHideFlags: 0
  m_CorrespondingSourceObject: {fileID: 0}
  m_PrefabInstance: {fileID: 0}
  m_PrefabAsset: {fileID: 0}
  serializedVersion: 6
  m_Component:
  - component: {fileID: 4012646305279771995}
  - component: {fileID: 3811180890900897656}
  - component: {fileID: 2433581327043288812}
  - component: {fileID: 6252813642401459486}
  - component: {fileID: 958742581301844791}
  - component: {fileID: 4529144105956944193}
  m_Layer: 12
  m_Name: CritBullet_Fire
  m_TagString: Bullet
  m_Icon: {fileID: 0}
  m_NavMeshLayer: 0
  m_StaticEditorFlags: 0
  m_IsActive: 1
--- !u!4 &4012646305279771995
Transform:
  m_ObjectHideFlags: 0
  m_CorrespondingSourceObject: {fileID: 0}
  m_PrefabInstance: {fileID: 0}
  m_PrefabAsset: {fileID: 0}
  m_GameObject: {fileID: 6628606258619123321}
  m_LocalRotation: {x: 0, y: 0, z: 0, w: 1}
  m_LocalPosition: {x: 0, y: 0, z: 0}
  m_LocalScale: {x: 1, y: 1, z: 1}
  m_Children:
  - {fileID: 1187913036707506163}
  - {fileID: 4283818770934006042}
  m_Father: {fileID: 0}
  m_RootOrder: 0
  m_LocalEulerAnglesHint: {x: 0, y: 0, z: 0}
--- !u!33 &3811180890900897656
MeshFilter:
  m_ObjectHideFlags: 0
  m_CorrespondingSourceObject: {fileID: 0}
  m_PrefabInstance: {fileID: 0}
  m_PrefabAsset: {fileID: 0}
  m_GameObject: {fileID: 6628606258619123321}
  m_Mesh: {fileID: 10202, guid: 0000000000000000e000000000000000, type: 0}
--- !u!23 &2433581327043288812
MeshRenderer:
  m_ObjectHideFlags: 0
  m_CorrespondingSourceObject: {fileID: 0}
  m_PrefabInstance: {fileID: 0}
  m_PrefabAsset: {fileID: 0}
  m_GameObject: {fileID: 6628606258619123321}
  m_Enabled: 0
  m_CastShadows: 0
  m_ReceiveShadows: 0
  m_DynamicOccludee: 1
  m_MotionVectors: 1
  m_LightProbeUsage: 1
  m_ReflectionProbeUsage: 1
  m_RayTracingMode: 2
  m_RenderingLayerMask: 1
  m_RendererPriority: 0
  m_Materials:
  - {fileID: 10303, guid: 0000000000000000f000000000000000, type: 0}
  m_StaticBatchInfo:
    firstSubMesh: 0
    subMeshCount: 0
  m_StaticBatchRoot: {fileID: 0}
  m_ProbeAnchor: {fileID: 0}
  m_LightProbeVolumeOverride: {fileID: 0}
  m_ScaleInLightmap: 1
  m_ReceiveGI: 1
  m_PreserveUVs: 0
  m_IgnoreNormalsForChartDetection: 0
  m_ImportantGI: 0
  m_StitchLightmapSeams: 1
  m_SelectedEditorRenderState: 3
  m_MinimumChartSize: 4
  m_AutoUVMaxDistance: 0.5
  m_AutoUVMaxAngle: 89
  m_LightmapParameters: {fileID: 0}
  m_SortingLayerID: 0
  m_SortingLayer: 0
  m_SortingOrder: 0
--- !u!65 &6252813642401459486
BoxCollider:
  m_ObjectHideFlags: 0
  m_CorrespondingSourceObject: {fileID: 0}
  m_PrefabInstance: {fileID: 0}
  m_PrefabAsset: {fileID: 0}
  m_GameObject: {fileID: 6628606258619123321}
  m_Material: {fileID: 0}
  m_IsTrigger: 0
  m_Enabled: 1
  serializedVersion: 2
  m_Size: {x: 1.4202893, y: 1.2748756, z: 5.8987103}
  m_Center: {x: 0, y: 0, z: 0.017380565}
--- !u!54 &958742581301844791
Rigidbody:
  m_ObjectHideFlags: 0
  m_CorrespondingSourceObject: {fileID: 0}
  m_PrefabInstance: {fileID: 0}
  m_PrefabAsset: {fileID: 0}
  m_GameObject: {fileID: 6628606258619123321}
  serializedVersion: 2
  m_Mass: 0.1
  m_Drag: 0
  m_AngularDrag: 0.05
  m_UseGravity: 0
  m_IsKinematic: 0
  m_Interpolate: 0
  m_Constraints: 0
  m_CollisionDetection: 0
--- !u!114 &4529144105956944193
MonoBehaviour:
  m_ObjectHideFlags: 0
  m_CorrespondingSourceObject: {fileID: 0}
  m_PrefabInstance: {fileID: 0}
  m_PrefabAsset: {fileID: 0}
  m_GameObject: {fileID: 6628606258619123321}
  m_Enabled: 1
  m_EditorHideFlags: 0
  m_Script: {fileID: 11500000, guid: ec2e0af2f2d84d446a1c544512d89e8a, type: 3}
  m_Name: 
  m_EditorClassIdentifier: 
  bulletSpeed: 170
  lifeTime: 8
  decay: 1
  sprayRange: {x: 0, y: 0}
  isShotgun: 0
  isSMG: 0
  isCrit: 0
  pellet: {fileID: 0}
  muzzleFlash: {fileID: 1670457245891842, guid: acad5363ee599db48a2fc0aecd98bc29,
    type: 3}
  hitFlash: {fileID: 7860825812082713569, guid: 7e238ac1338745b49a6d4690a7a6d355,
    type: 3}
--- !u!1001 &2498608123169313406
PrefabInstance:
  m_ObjectHideFlags: 0
  serializedVersion: 2
  m_Modification:
    m_TransformParent: {fileID: 4012646305279771995}
    m_Modifications:
    - target: {fileID: 3661574128472342335, guid: 03b9a56ffe96f3b46961356f33affd44,
        type: 3}
      propertyPath: m_Parameters.colorGradient.key0.g
      value: 0
      objectReference: {fileID: 0}
    - target: {fileID: 3661574128472342335, guid: 03b9a56ffe96f3b46961356f33affd44,
        type: 3}
      propertyPath: m_Parameters.colorGradient.key0.b
      value: 0.2923137
      objectReference: {fileID: 0}
    - target: {fileID: 3661574128472342335, guid: 03b9a56ffe96f3b46961356f33affd44,
        type: 3}
      propertyPath: m_Parameters.colorGradient.key1.g
      value: 0.29897055
      objectReference: {fileID: 0}
    - target: {fileID: 3661574129024475338, guid: 03b9a56ffe96f3b46961356f33affd44,
        type: 3}
      propertyPath: InitialModule.startColor.maxColor.g
      value: 0.16834325
      objectReference: {fileID: 0}
    - target: {fileID: 3661574129024475341, guid: 03b9a56ffe96f3b46961356f33affd44,
        type: 3}
      propertyPath: m_Materials.Array.data[0]
      value: 
      objectReference: {fileID: 10301, guid: 0000000000000000f000000000000000, type: 0}
    - target: {fileID: 3661574129273580617, guid: 03b9a56ffe96f3b46961356f33affd44,
        type: 3}
      propertyPath: InitialModule.startColor.maxColor.g
      value: 0.11420815
      objectReference: {fileID: 0}
    - target: {fileID: 3661574129273580617, guid: 03b9a56ffe96f3b46961356f33affd44,
        type: 3}
      propertyPath: InitialModule.startColor.maxColor.b
      value: 0
      objectReference: {fileID: 0}
    - target: {fileID: 3661574130100614540, guid: 03b9a56ffe96f3b46961356f33affd44,
        type: 3}
      propertyPath: m_Name
      value: vfx_projectile
      objectReference: {fileID: 0}
    - target: {fileID: 3661574130100614540, guid: 03b9a56ffe96f3b46961356f33affd44,
        type: 3}
      propertyPath: m_IsActive
      value: 1
      objectReference: {fileID: 0}
    - target: {fileID: 3661574130100614541, guid: 03b9a56ffe96f3b46961356f33affd44,
        type: 3}
      propertyPath: m_LocalPosition.x
      value: 0
      objectReference: {fileID: 0}
    - target: {fileID: 3661574130100614541, guid: 03b9a56ffe96f3b46961356f33affd44,
        type: 3}
      propertyPath: m_LocalPosition.y
      value: 0
      objectReference: {fileID: 0}
    - target: {fileID: 3661574130100614541, guid: 03b9a56ffe96f3b46961356f33affd44,
        type: 3}
      propertyPath: m_LocalPosition.z
      value: 0
      objectReference: {fileID: 0}
    - target: {fileID: 3661574130100614541, guid: 03b9a56ffe96f3b46961356f33affd44,
        type: 3}
      propertyPath: m_LocalRotation.x
      value: 0
      objectReference: {fileID: 0}
    - target: {fileID: 3661574130100614541, guid: 03b9a56ffe96f3b46961356f33affd44,
        type: 3}
      propertyPath: m_LocalRotation.y
      value: 0
      objectReference: {fileID: 0}
    - target: {fileID: 3661574130100614541, guid: 03b9a56ffe96f3b46961356f33affd44,
        type: 3}
      propertyPath: m_LocalRotation.z
      value: 0
      objectReference: {fileID: 0}
    - target: {fileID: 3661574130100614541, guid: 03b9a56ffe96f3b46961356f33affd44,
        type: 3}
      propertyPath: m_LocalRotation.w
      value: 1
      objectReference: {fileID: 0}
    - target: {fileID: 3661574130100614541, guid: 03b9a56ffe96f3b46961356f33affd44,
        type: 3}
      propertyPath: m_RootOrder
      value: 0
      objectReference: {fileID: 0}
    - target: {fileID: 3661574130100614541, guid: 03b9a56ffe96f3b46961356f33affd44,
        type: 3}
      propertyPath: m_LocalEulerAnglesHint.x
      value: 0
      objectReference: {fileID: 0}
    - target: {fileID: 3661574130100614541, guid: 03b9a56ffe96f3b46961356f33affd44,
        type: 3}
      propertyPath: m_LocalEulerAnglesHint.y
      value: 0
      objectReference: {fileID: 0}
    - target: {fileID: 3661574130100614541, guid: 03b9a56ffe96f3b46961356f33affd44,
        type: 3}
      propertyPath: m_LocalEulerAnglesHint.z
      value: 0
      objectReference: {fileID: 0}
    - target: {fileID: 3661574130100614541, guid: 03b9a56ffe96f3b46961356f33affd44,
        type: 3}
      propertyPath: m_LocalScale.x
      value: 2
      objectReference: {fileID: 0}
    - target: {fileID: 3661574130100614541, guid: 03b9a56ffe96f3b46961356f33affd44,
        type: 3}
      propertyPath: m_LocalScale.y
      value: 2
      objectReference: {fileID: 0}
    - target: {fileID: 3661574130100614541, guid: 03b9a56ffe96f3b46961356f33affd44,
        type: 3}
      propertyPath: m_LocalScale.z
      value: 2
      objectReference: {fileID: 0}
    m_RemovedComponents: []
  m_SourcePrefab: {fileID: 100100000, guid: 03b9a56ffe96f3b46961356f33affd44, type: 3}
--- !u!4 &1187913036707506163 stripped
Transform:
  m_CorrespondingSourceObject: {fileID: 3661574130100614541, guid: 03b9a56ffe96f3b46961356f33affd44,
    type: 3}
  m_PrefabInstance: {fileID: 2498608123169313406}
  m_PrefabAsset: {fileID: 0}
--- !u!1001 &6438005885112538112
PrefabInstance:
  m_ObjectHideFlags: 0
  serializedVersion: 2
  m_Modification:
    m_TransformParent: {fileID: 4012646305279771995}
    m_Modifications:
    - target: {fileID: 7073829311466034457, guid: d23effd1bafdfab499d198d3b6cc1d08,
        type: 3}
      propertyPath: m_Enabled
      value: 0
      objectReference: {fileID: 0}
    - target: {fileID: 7073829311466034458, guid: d23effd1bafdfab499d198d3b6cc1d08,
        type: 3}
      propertyPath: m_LocalPosition.x
      value: 0
      objectReference: {fileID: 0}
    - target: {fileID: 7073829311466034458, guid: d23effd1bafdfab499d198d3b6cc1d08,
        type: 3}
      propertyPath: m_LocalPosition.y
      value: 0
      objectReference: {fileID: 0}
    - target: {fileID: 7073829311466034458, guid: d23effd1bafdfab499d198d3b6cc1d08,
        type: 3}
      propertyPath: m_LocalPosition.z
      value: 0
      objectReference: {fileID: 0}
    - target: {fileID: 7073829311466034458, guid: d23effd1bafdfab499d198d3b6cc1d08,
        type: 3}
      propertyPath: m_LocalRotation.x
      value: 0
      objectReference: {fileID: 0}
    - target: {fileID: 7073829311466034458, guid: d23effd1bafdfab499d198d3b6cc1d08,
        type: 3}
      propertyPath: m_LocalRotation.y
      value: 0
      objectReference: {fileID: 0}
    - target: {fileID: 7073829311466034458, guid: d23effd1bafdfab499d198d3b6cc1d08,
        type: 3}
      propertyPath: m_LocalRotation.z
      value: 0
      objectReference: {fileID: 0}
    - target: {fileID: 7073829311466034458, guid: d23effd1bafdfab499d198d3b6cc1d08,
        type: 3}
      propertyPath: m_LocalRotation.w
      value: 1
      objectReference: {fileID: 0}
    - target: {fileID: 7073829311466034458, guid: d23effd1bafdfab499d198d3b6cc1d08,
        type: 3}
      propertyPath: m_RootOrder
      value: 1
      objectReference: {fileID: 0}
    - target: {fileID: 7073829311466034458, guid: d23effd1bafdfab499d198d3b6cc1d08,
        type: 3}
      propertyPath: m_LocalEulerAnglesHint.x
      value: 0
      objectReference: {fileID: 0}
    - target: {fileID: 7073829311466034458, guid: d23effd1bafdfab499d198d3b6cc1d08,
        type: 3}
      propertyPath: m_LocalEulerAnglesHint.y
      value: 0
      objectReference: {fileID: 0}
    - target: {fileID: 7073829311466034458, guid: d23effd1bafdfab499d198d3b6cc1d08,
        type: 3}
      propertyPath: m_LocalEulerAnglesHint.z
      value: 0
      objectReference: {fileID: 0}
    - target: {fileID: 7073829311466034460, guid: d23effd1bafdfab499d198d3b6cc1d08,
        type: 3}
      propertyPath: m_Enabled
      value: 0
      objectReference: {fileID: 0}
    - target: {fileID: 7073829311466034462, guid: d23effd1bafdfab499d198d3b6cc1d08,
        type: 3}
      propertyPath: m_UseGravity
      value: 0
      objectReference: {fileID: 0}
    - target: {fileID: 7073829311466034462, guid: d23effd1bafdfab499d198d3b6cc1d08,
        type: 3}
      propertyPath: m_IsKinematic
      value: 1
      objectReference: {fileID: 0}
    - target: {fileID: 7073829311466034463, guid: d23effd1bafdfab499d198d3b6cc1d08,
        type: 3}
      propertyPath: m_Name
      value: Fire
      objectReference: {fileID: 0}
    m_RemovedComponents: []
  m_SourcePrefab: {fileID: 100100000, guid: d23effd1bafdfab499d198d3b6cc1d08, type: 3}
--- !u!4 &4283818770934006042 stripped
Transform:
  m_CorrespondingSourceObject: {fileID: 7073829311466034458, guid: d23effd1bafdfab499d198d3b6cc1d08,
    type: 3}
  m_PrefabInstance: {fileID: 6438005885112538112}
  m_PrefabAsset: {fileID: 0}
