%YAML 1.1
%TAG !u! tag:unity3d.com,2011:
--- !u!1 &3320593319221423808
GameObject:
  m_ObjectHideFlags: 0
  m_CorrespondingSourceObject: {fileID: 0}
  m_PrefabInstance: {fileID: 0}
  m_PrefabAsset: {fileID: 0}
  serializedVersion: 6
  m_Component:
  - component: {fileID: 3912745776714364759}
  m_Layer: 0
  m_Name: 6x_box 2
  m_TagString: Untagged
  m_Icon: {fileID: 0}
  m_NavMeshLayer: 0
  m_StaticEditorFlags: 0
  m_IsActive: 1
--- !u!4 &3912745776714364759
Transform:
  m_ObjectHideFlags: 0
  m_CorrespondingSourceObject: {fileID: 0}
  m_PrefabInstance: {fileID: 0}
  m_PrefabAsset: {fileID: 0}
  m_GameObject: {fileID: 3320593319221423808}
  m_LocalRotation: {x: 0, y: 0, z: 0, w: 1}
  m_LocalPosition: {x: 0, y: 5, z: 0}
  m_LocalScale: {x: 1, y: 1, z: 1}
  m_Children:
  - {fileID: 8880266607990191083}
  - {fileID: 7710236278464395114}
  - {fileID: 6334954958846948378}
  - {fileID: 6712163443149282747}
  - {fileID: 6244737495965083580}
  - {fileID: 4756789167247116095}
  - {fileID: 438789677682580077}
  - {fileID: 6675179429708097136}
  m_Father: {fileID: 0}
  m_RootOrder: 0
  m_LocalEulerAnglesHint: {x: 0, y: 0, z: 0}
--- !u!1001 &902145024032506549
PrefabInstance:
  m_ObjectHideFlags: 0
  serializedVersion: 2
  m_Modification:
    m_TransformParent: {fileID: 3912745776714364759}
    m_Modifications:
    - target: {fileID: 330279101652756571, guid: 438fb1492fedce248b3ea2c5aa38533a,
        type: 3}
      propertyPath: m_Name
      value: 3x1 (12)
      objectReference: {fileID: 0}
    - target: {fileID: 762222131705075928, guid: 438fb1492fedce248b3ea2c5aa38533a,
        type: 3}
      propertyPath: m_LocalPosition.x
      value: 25
      objectReference: {fileID: 0}
    - target: {fileID: 762222131705075928, guid: 438fb1492fedce248b3ea2c5aa38533a,
        type: 3}
      propertyPath: m_LocalPosition.y
      value: 0
      objectReference: {fileID: 0}
    - target: {fileID: 762222131705075928, guid: 438fb1492fedce248b3ea2c5aa38533a,
        type: 3}
      propertyPath: m_LocalPosition.z
      value: 15
      objectReference: {fileID: 0}
    - target: {fileID: 762222131705075928, guid: 438fb1492fedce248b3ea2c5aa38533a,
        type: 3}
      propertyPath: m_LocalRotation.x
      value: -0
      objectReference: {fileID: 0}
    - target: {fileID: 762222131705075928, guid: 438fb1492fedce248b3ea2c5aa38533a,
        type: 3}
      propertyPath: m_LocalRotation.y
      value: 1
      objectReference: {fileID: 0}
    - target: {fileID: 762222131705075928, guid: 438fb1492fedce248b3ea2c5aa38533a,
        type: 3}
      propertyPath: m_LocalRotation.z
      value: -0
      objectReference: {fileID: 0}
    - target: {fileID: 762222131705075928, guid: 438fb1492fedce248b3ea2c5aa38533a,
        type: 3}
      propertyPath: m_LocalRotation.w
      value: 0.000000104308114
      objectReference: {fileID: 0}
    - target: {fileID: 762222131705075928, guid: 438fb1492fedce248b3ea2c5aa38533a,
        type: 3}
      propertyPath: m_RootOrder
      value: 6
      objectReference: {fileID: 0}
    - target: {fileID: 762222131705075928, guid: 438fb1492fedce248b3ea2c5aa38533a,
        type: 3}
      propertyPath: m_LocalEulerAnglesHint.x
      value: 0
      objectReference: {fileID: 0}
    - target: {fileID: 762222131705075928, guid: 438fb1492fedce248b3ea2c5aa38533a,
        type: 3}
      propertyPath: m_LocalEulerAnglesHint.y
      value: 180.00002
      objectReference: {fileID: 0}
    - target: {fileID: 762222131705075928, guid: 438fb1492fedce248b3ea2c5aa38533a,
        type: 3}
      propertyPath: m_LocalEulerAnglesHint.z
      value: 0
      objectReference: {fileID: 0}
    m_RemovedComponents: []
  m_SourcePrefab: {fileID: 100100000, guid: 438fb1492fedce248b3ea2c5aa38533a, type: 3}
--- !u!4 &438789677682580077 stripped
Transform:
  m_CorrespondingSourceObject: {fileID: 762222131705075928, guid: 438fb1492fedce248b3ea2c5aa38533a,
    type: 3}
  m_PrefabInstance: {fileID: 902145024032506549}
  m_PrefabAsset: {fileID: 0}
--- !u!1001 &5228809416572674023
PrefabInstance:
  m_ObjectHideFlags: 0
  serializedVersion: 2
  m_Modification:
    m_TransformParent: {fileID: 3912745776714364759}
    m_Modifications:
    - target: {fileID: 330279101652756571, guid: 438fb1492fedce248b3ea2c5aa38533a,
        type: 3}
      propertyPath: m_Name
      value: 3x1 (11)
      objectReference: {fileID: 0}
    - target: {fileID: 762222131705075928, guid: 438fb1492fedce248b3ea2c5aa38533a,
        type: 3}
      propertyPath: m_LocalPosition.x
      value: -25
      objectReference: {fileID: 0}
    - target: {fileID: 762222131705075928, guid: 438fb1492fedce248b3ea2c5aa38533a,
        type: 3}
      propertyPath: m_LocalPosition.y
      value: 0
      objectReference: {fileID: 0}
    - target: {fileID: 762222131705075928, guid: 438fb1492fedce248b3ea2c5aa38533a,
        type: 3}
      propertyPath: m_LocalPosition.z
      value: -15
      objectReference: {fileID: 0}
    - target: {fileID: 762222131705075928, guid: 438fb1492fedce248b3ea2c5aa38533a,
        type: 3}
      propertyPath: m_LocalRotation.x
      value: -0
      objectReference: {fileID: 0}
    - target: {fileID: 762222131705075928, guid: 438fb1492fedce248b3ea2c5aa38533a,
        type: 3}
      propertyPath: m_LocalRotation.y
      value: 1
      objectReference: {fileID: 0}
    - target: {fileID: 762222131705075928, guid: 438fb1492fedce248b3ea2c5aa38533a,
        type: 3}
      propertyPath: m_LocalRotation.z
      value: -0
      objectReference: {fileID: 0}
    - target: {fileID: 762222131705075928, guid: 438fb1492fedce248b3ea2c5aa38533a,
        type: 3}
      propertyPath: m_LocalRotation.w
      value: 0.000000104308114
      objectReference: {fileID: 0}
    - target: {fileID: 762222131705075928, guid: 438fb1492fedce248b3ea2c5aa38533a,
        type: 3}
      propertyPath: m_RootOrder
      value: 5
      objectReference: {fileID: 0}
    - target: {fileID: 762222131705075928, guid: 438fb1492fedce248b3ea2c5aa38533a,
        type: 3}
      propertyPath: m_LocalEulerAnglesHint.x
      value: 0
      objectReference: {fileID: 0}
    - target: {fileID: 762222131705075928, guid: 438fb1492fedce248b3ea2c5aa38533a,
        type: 3}
      propertyPath: m_LocalEulerAnglesHint.y
      value: 180.00002
      objectReference: {fileID: 0}
    - target: {fileID: 762222131705075928, guid: 438fb1492fedce248b3ea2c5aa38533a,
        type: 3}
      propertyPath: m_LocalEulerAnglesHint.z
      value: 0
      objectReference: {fileID: 0}
    m_RemovedComponents: []
  m_SourcePrefab: {fileID: 100100000, guid: 438fb1492fedce248b3ea2c5aa38533a, type: 3}
--- !u!4 &4756789167247116095 stripped
Transform:
  m_CorrespondingSourceObject: {fileID: 762222131705075928, guid: 438fb1492fedce248b3ea2c5aa38533a,
    type: 3}
  m_PrefabInstance: {fileID: 5228809416572674023}
  m_PrefabAsset: {fileID: 0}
--- !u!1001 &6210732916847558312
PrefabInstance:
  m_ObjectHideFlags: 0
  serializedVersion: 2
  m_Modification:
    m_TransformParent: {fileID: 3912745776714364759}
    m_Modifications:
    - target: {fileID: 330279101652756571, guid: 438fb1492fedce248b3ea2c5aa38533a,
        type: 3}
      propertyPath: m_Name
      value: 3x1 (13)
      objectReference: {fileID: 0}
    - target: {fileID: 762222131705075928, guid: 438fb1492fedce248b3ea2c5aa38533a,
        type: 3}
      propertyPath: m_LocalPosition.x
      value: 25
      objectReference: {fileID: 0}
    - target: {fileID: 762222131705075928, guid: 438fb1492fedce248b3ea2c5aa38533a,
        type: 3}
      propertyPath: m_LocalPosition.y
      value: 0
      objectReference: {fileID: 0}
    - target: {fileID: 762222131705075928, guid: 438fb1492fedce248b3ea2c5aa38533a,
        type: 3}
      propertyPath: m_LocalPosition.z
      value: -15
      objectReference: {fileID: 0}
    - target: {fileID: 762222131705075928, guid: 438fb1492fedce248b3ea2c5aa38533a,
        type: 3}
      propertyPath: m_LocalRotation.x
      value: -0
      objectReference: {fileID: 0}
    - target: {fileID: 762222131705075928, guid: 438fb1492fedce248b3ea2c5aa38533a,
        type: 3}
      propertyPath: m_LocalRotation.y
      value: 1
      objectReference: {fileID: 0}
    - target: {fileID: 762222131705075928, guid: 438fb1492fedce248b3ea2c5aa38533a,
        type: 3}
      propertyPath: m_LocalRotation.z
      value: -0
      objectReference: {fileID: 0}
    - target: {fileID: 762222131705075928, guid: 438fb1492fedce248b3ea2c5aa38533a,
        type: 3}
      propertyPath: m_LocalRotation.w
      value: 0.000000104308114
      objectReference: {fileID: 0}
    - target: {fileID: 762222131705075928, guid: 438fb1492fedce248b3ea2c5aa38533a,
        type: 3}
      propertyPath: m_RootOrder
      value: 7
      objectReference: {fileID: 0}
    - target: {fileID: 762222131705075928, guid: 438fb1492fedce248b3ea2c5aa38533a,
        type: 3}
      propertyPath: m_LocalEulerAnglesHint.x
      value: 0
      objectReference: {fileID: 0}
    - target: {fileID: 762222131705075928, guid: 438fb1492fedce248b3ea2c5aa38533a,
        type: 3}
      propertyPath: m_LocalEulerAnglesHint.y
      value: 180.00002
      objectReference: {fileID: 0}
    - target: {fileID: 762222131705075928, guid: 438fb1492fedce248b3ea2c5aa38533a,
        type: 3}
      propertyPath: m_LocalEulerAnglesHint.z
      value: 0
      objectReference: {fileID: 0}
    m_RemovedComponents: []
  m_SourcePrefab: {fileID: 100100000, guid: 438fb1492fedce248b3ea2c5aa38533a, type: 3}
--- !u!4 &6675179429708097136 stripped
Transform:
  m_CorrespondingSourceObject: {fileID: 762222131705075928, guid: 438fb1492fedce248b3ea2c5aa38533a,
    type: 3}
  m_PrefabInstance: {fileID: 6210732916847558312}
  m_PrefabAsset: {fileID: 0}
--- !u!1001 &6320118091921376611
PrefabInstance:
  m_ObjectHideFlags: 0
  serializedVersion: 2
  m_Modification:
    m_TransformParent: {fileID: 3912745776714364759}
    m_Modifications:
    - target: {fileID: 330279101652756571, guid: 438fb1492fedce248b3ea2c5aa38533a,
        type: 3}
      propertyPath: m_Name
      value: 3x1 (9)
      objectReference: {fileID: 0}
    - target: {fileID: 762222131705075928, guid: 438fb1492fedce248b3ea2c5aa38533a,
        type: 3}
      propertyPath: m_LocalPosition.x
      value: 25
      objectReference: {fileID: 0}
    - target: {fileID: 762222131705075928, guid: 438fb1492fedce248b3ea2c5aa38533a,
        type: 3}
      propertyPath: m_LocalPosition.y
      value: 0
      objectReference: {fileID: 0}
    - target: {fileID: 762222131705075928, guid: 438fb1492fedce248b3ea2c5aa38533a,
        type: 3}
      propertyPath: m_LocalPosition.z
      value: 32.5
      objectReference: {fileID: 0}
    - target: {fileID: 762222131705075928, guid: 438fb1492fedce248b3ea2c5aa38533a,
        type: 3}
      propertyPath: m_LocalRotation.x
      value: -0
      objectReference: {fileID: 0}
    - target: {fileID: 762222131705075928, guid: 438fb1492fedce248b3ea2c5aa38533a,
        type: 3}
      propertyPath: m_LocalRotation.y
      value: 0.70710677
      objectReference: {fileID: 0}
    - target: {fileID: 762222131705075928, guid: 438fb1492fedce248b3ea2c5aa38533a,
        type: 3}
      propertyPath: m_LocalRotation.z
      value: -0
      objectReference: {fileID: 0}
    - target: {fileID: 762222131705075928, guid: 438fb1492fedce248b3ea2c5aa38533a,
        type: 3}
      propertyPath: m_LocalRotation.w
      value: 0.7071068
      objectReference: {fileID: 0}
    - target: {fileID: 762222131705075928, guid: 438fb1492fedce248b3ea2c5aa38533a,
        type: 3}
      propertyPath: m_RootOrder
      value: 3
      objectReference: {fileID: 0}
    - target: {fileID: 762222131705075928, guid: 438fb1492fedce248b3ea2c5aa38533a,
        type: 3}
      propertyPath: m_LocalEulerAnglesHint.x
      value: 0
      objectReference: {fileID: 0}
    - target: {fileID: 762222131705075928, guid: 438fb1492fedce248b3ea2c5aa38533a,
        type: 3}
      propertyPath: m_LocalEulerAnglesHint.y
      value: 90.00001
      objectReference: {fileID: 0}
    - target: {fileID: 762222131705075928, guid: 438fb1492fedce248b3ea2c5aa38533a,
        type: 3}
      propertyPath: m_LocalEulerAnglesHint.z
      value: 0
      objectReference: {fileID: 0}
    m_RemovedComponents: []
  m_SourcePrefab: {fileID: 100100000, guid: 438fb1492fedce248b3ea2c5aa38533a, type: 3}
--- !u!4 &6712163443149282747 stripped
Transform:
  m_CorrespondingSourceObject: {fileID: 762222131705075928, guid: 438fb1492fedce248b3ea2c5aa38533a,
    type: 3}
  m_PrefabInstance: {fileID: 6320118091921376611}
  m_PrefabAsset: {fileID: 0}
--- !u!1001 &6645685047656939364
PrefabInstance:
  m_ObjectHideFlags: 0
  serializedVersion: 2
  m_Modification:
    m_TransformParent: {fileID: 3912745776714364759}
    m_Modifications:
    - target: {fileID: 330279101652756571, guid: 438fb1492fedce248b3ea2c5aa38533a,
        type: 3}
      propertyPath: m_Name
      value: 3x1 (10)
      objectReference: {fileID: 0}
    - target: {fileID: 762222131705075928, guid: 438fb1492fedce248b3ea2c5aa38533a,
        type: 3}
      propertyPath: m_LocalPosition.x
      value: -25
      objectReference: {fileID: 0}
    - target: {fileID: 762222131705075928, guid: 438fb1492fedce248b3ea2c5aa38533a,
        type: 3}
      propertyPath: m_LocalPosition.y
      value: 0
      objectReference: {fileID: 0}
    - target: {fileID: 762222131705075928, guid: 438fb1492fedce248b3ea2c5aa38533a,
        type: 3}
      propertyPath: m_LocalPosition.z
      value: 15
      objectReference: {fileID: 0}
    - target: {fileID: 762222131705075928, guid: 438fb1492fedce248b3ea2c5aa38533a,
        type: 3}
      propertyPath: m_LocalRotation.x
      value: -0
      objectReference: {fileID: 0}
    - target: {fileID: 762222131705075928, guid: 438fb1492fedce248b3ea2c5aa38533a,
        type: 3}
      propertyPath: m_LocalRotation.y
      value: 1
      objectReference: {fileID: 0}
    - target: {fileID: 762222131705075928, guid: 438fb1492fedce248b3ea2c5aa38533a,
        type: 3}
      propertyPath: m_LocalRotation.z
      value: -0
      objectReference: {fileID: 0}
    - target: {fileID: 762222131705075928, guid: 438fb1492fedce248b3ea2c5aa38533a,
        type: 3}
      propertyPath: m_LocalRotation.w
      value: 0.000000104308114
      objectReference: {fileID: 0}
    - target: {fileID: 762222131705075928, guid: 438fb1492fedce248b3ea2c5aa38533a,
        type: 3}
      propertyPath: m_RootOrder
      value: 4
      objectReference: {fileID: 0}
    - target: {fileID: 762222131705075928, guid: 438fb1492fedce248b3ea2c5aa38533a,
        type: 3}
      propertyPath: m_LocalEulerAnglesHint.x
      value: 0
      objectReference: {fileID: 0}
    - target: {fileID: 762222131705075928, guid: 438fb1492fedce248b3ea2c5aa38533a,
        type: 3}
      propertyPath: m_LocalEulerAnglesHint.y
      value: 180.00002
      objectReference: {fileID: 0}
    - target: {fileID: 762222131705075928, guid: 438fb1492fedce248b3ea2c5aa38533a,
        type: 3}
      propertyPath: m_LocalEulerAnglesHint.z
      value: 0
      objectReference: {fileID: 0}
    m_RemovedComponents: []
  m_SourcePrefab: {fileID: 100100000, guid: 438fb1492fedce248b3ea2c5aa38533a, type: 3}
--- !u!4 &6244737495965083580 stripped
Transform:
  m_CorrespondingSourceObject: {fileID: 762222131705075928, guid: 438fb1492fedce248b3ea2c5aa38533a,
    type: 3}
  m_PrefabInstance: {fileID: 6645685047656939364}
  m_PrefabAsset: {fileID: 0}
--- !u!1001 &6735611552270068930
PrefabInstance:
  m_ObjectHideFlags: 0
  serializedVersion: 2
  m_Modification:
    m_TransformParent: {fileID: 3912745776714364759}
    m_Modifications:
    - target: {fileID: 330279101652756571, guid: 438fb1492fedce248b3ea2c5aa38533a,
        type: 3}
      propertyPath: m_Name
      value: 3x1 (8)
      objectReference: {fileID: 0}
    - target: {fileID: 762222131705075928, guid: 438fb1492fedce248b3ea2c5aa38533a,
        type: 3}
      propertyPath: m_LocalPosition.x
      value: -25
      objectReference: {fileID: 0}
    - target: {fileID: 762222131705075928, guid: 438fb1492fedce248b3ea2c5aa38533a,
        type: 3}
      propertyPath: m_LocalPosition.y
      value: 0
      objectReference: {fileID: 0}
    - target: {fileID: 762222131705075928, guid: 438fb1492fedce248b3ea2c5aa38533a,
        type: 3}
      propertyPath: m_LocalPosition.z
      value: 32.5
      objectReference: {fileID: 0}
    - target: {fileID: 762222131705075928, guid: 438fb1492fedce248b3ea2c5aa38533a,
        type: 3}
      propertyPath: m_LocalRotation.x
      value: -0
      objectReference: {fileID: 0}
    - target: {fileID: 762222131705075928, guid: 438fb1492fedce248b3ea2c5aa38533a,
        type: 3}
      propertyPath: m_LocalRotation.y
      value: 0.70710677
      objectReference: {fileID: 0}
    - target: {fileID: 762222131705075928, guid: 438fb1492fedce248b3ea2c5aa38533a,
        type: 3}
      propertyPath: m_LocalRotation.z
      value: -0
      objectReference: {fileID: 0}
    - target: {fileID: 762222131705075928, guid: 438fb1492fedce248b3ea2c5aa38533a,
        type: 3}
      propertyPath: m_LocalRotation.w
      value: 0.7071068
      objectReference: {fileID: 0}
    - target: {fileID: 762222131705075928, guid: 438fb1492fedce248b3ea2c5aa38533a,
        type: 3}
      propertyPath: m_RootOrder
      value: 2
      objectReference: {fileID: 0}
    - target: {fileID: 762222131705075928, guid: 438fb1492fedce248b3ea2c5aa38533a,
        type: 3}
      propertyPath: m_LocalEulerAnglesHint.x
      value: 0
      objectReference: {fileID: 0}
    - target: {fileID: 762222131705075928, guid: 438fb1492fedce248b3ea2c5aa38533a,
        type: 3}
      propertyPath: m_LocalEulerAnglesHint.y
      value: 90.00001
      objectReference: {fileID: 0}
    - target: {fileID: 762222131705075928, guid: 438fb1492fedce248b3ea2c5aa38533a,
        type: 3}
      propertyPath: m_LocalEulerAnglesHint.z
      value: 0
      objectReference: {fileID: 0}
    m_RemovedComponents: []
  m_SourcePrefab: {fileID: 100100000, guid: 438fb1492fedce248b3ea2c5aa38533a, type: 3}
--- !u!4 &6334954958846948378 stripped
Transform:
  m_CorrespondingSourceObject: {fileID: 762222131705075928, guid: 438fb1492fedce248b3ea2c5aa38533a,
    type: 3}
  m_PrefabInstance: {fileID: 6735611552270068930}
  m_PrefabAsset: {fileID: 0}
--- !u!1001 &7031165714606845874
PrefabInstance:
  m_ObjectHideFlags: 0
  serializedVersion: 2
  m_Modification:
    m_TransformParent: {fileID: 3912745776714364759}
    m_Modifications:
    - target: {fileID: 330279101652756571, guid: 438fb1492fedce248b3ea2c5aa38533a,
        type: 3}
      propertyPath: m_Name
      value: 3x1 (7)
      objectReference: {fileID: 0}
    - target: {fileID: 762222131705075928, guid: 438fb1492fedce248b3ea2c5aa38533a,
        type: 3}
      propertyPath: m_LocalPosition.x
      value: 25
      objectReference: {fileID: 0}
    - target: {fileID: 762222131705075928, guid: 438fb1492fedce248b3ea2c5aa38533a,
        type: 3}
      propertyPath: m_LocalPosition.y
      value: 0
      objectReference: {fileID: 0}
    - target: {fileID: 762222131705075928, guid: 438fb1492fedce248b3ea2c5aa38533a,
        type: 3}
      propertyPath: m_LocalPosition.z
      value: -32.5
      objectReference: {fileID: 0}
    - target: {fileID: 762222131705075928, guid: 438fb1492fedce248b3ea2c5aa38533a,
        type: 3}
      propertyPath: m_LocalRotation.x
      value: -0
      objectReference: {fileID: 0}
    - target: {fileID: 762222131705075928, guid: 438fb1492fedce248b3ea2c5aa38533a,
        type: 3}
      propertyPath: m_LocalRotation.y
      value: 0.70710677
      objectReference: {fileID: 0}
    - target: {fileID: 762222131705075928, guid: 438fb1492fedce248b3ea2c5aa38533a,
        type: 3}
      propertyPath: m_LocalRotation.z
      value: -0
      objectReference: {fileID: 0}
    - target: {fileID: 762222131705075928, guid: 438fb1492fedce248b3ea2c5aa38533a,
        type: 3}
      propertyPath: m_LocalRotation.w
      value: 0.7071068
      objectReference: {fileID: 0}
    - target: {fileID: 762222131705075928, guid: 438fb1492fedce248b3ea2c5aa38533a,
        type: 3}
      propertyPath: m_RootOrder
      value: 1
      objectReference: {fileID: 0}
    - target: {fileID: 762222131705075928, guid: 438fb1492fedce248b3ea2c5aa38533a,
        type: 3}
      propertyPath: m_LocalEulerAnglesHint.x
      value: 0
      objectReference: {fileID: 0}
    - target: {fileID: 762222131705075928, guid: 438fb1492fedce248b3ea2c5aa38533a,
        type: 3}
      propertyPath: m_LocalEulerAnglesHint.y
      value: 90.00001
      objectReference: {fileID: 0}
    - target: {fileID: 762222131705075928, guid: 438fb1492fedce248b3ea2c5aa38533a,
        type: 3}
      propertyPath: m_LocalEulerAnglesHint.z
      value: 0
      objectReference: {fileID: 0}
    m_RemovedComponents: []
  m_SourcePrefab: {fileID: 100100000, guid: 438fb1492fedce248b3ea2c5aa38533a, type: 3}
--- !u!4 &7710236278464395114 stripped
Transform:
  m_CorrespondingSourceObject: {fileID: 762222131705075928, guid: 438fb1492fedce248b3ea2c5aa38533a,
    type: 3}
  m_PrefabInstance: {fileID: 7031165714606845874}
  m_PrefabAsset: {fileID: 0}
--- !u!1001 &8191765781747100467
PrefabInstance:
  m_ObjectHideFlags: 0
  serializedVersion: 2
  m_Modification:
    m_TransformParent: {fileID: 3912745776714364759}
    m_Modifications:
    - target: {fileID: 330279101652756571, guid: 438fb1492fedce248b3ea2c5aa38533a,
        type: 3}
      propertyPath: m_Name
      value: 3x1 (6)
      objectReference: {fileID: 0}
    - target: {fileID: 762222131705075928, guid: 438fb1492fedce248b3ea2c5aa38533a,
        type: 3}
      propertyPath: m_LocalPosition.x
      value: -25
      objectReference: {fileID: 0}
    - target: {fileID: 762222131705075928, guid: 438fb1492fedce248b3ea2c5aa38533a,
        type: 3}
      propertyPath: m_LocalPosition.y
      value: 0
      objectReference: {fileID: 0}
    - target: {fileID: 762222131705075928, guid: 438fb1492fedce248b3ea2c5aa38533a,
        type: 3}
      propertyPath: m_LocalPosition.z
      value: -32.5
      objectReference: {fileID: 0}
    - target: {fileID: 762222131705075928, guid: 438fb1492fedce248b3ea2c5aa38533a,
        type: 3}
      propertyPath: m_LocalRotation.x
      value: -0
      objectReference: {fileID: 0}
    - target: {fileID: 762222131705075928, guid: 438fb1492fedce248b3ea2c5aa38533a,
        type: 3}
      propertyPath: m_LocalRotation.y
      value: 0.70710677
      objectReference: {fileID: 0}
    - target: {fileID: 762222131705075928, guid: 438fb1492fedce248b3ea2c5aa38533a,
        type: 3}
      propertyPath: m_LocalRotation.z
      value: -0
      objectReference: {fileID: 0}
    - target: {fileID: 762222131705075928, guid: 438fb1492fedce248b3ea2c5aa38533a,
        type: 3}
      propertyPath: m_LocalRotation.w
      value: 0.7071068
      objectReference: {fileID: 0}
    - target: {fileID: 762222131705075928, guid: 438fb1492fedce248b3ea2c5aa38533a,
        type: 3}
      propertyPath: m_RootOrder
      value: 0
      objectReference: {fileID: 0}
    - target: {fileID: 762222131705075928, guid: 438fb1492fedce248b3ea2c5aa38533a,
        type: 3}
      propertyPath: m_LocalEulerAnglesHint.x
      value: 0
      objectReference: {fileID: 0}
    - target: {fileID: 762222131705075928, guid: 438fb1492fedce248b3ea2c5aa38533a,
        type: 3}
      propertyPath: m_LocalEulerAnglesHint.y
      value: 90.00001
      objectReference: {fileID: 0}
    - target: {fileID: 762222131705075928, guid: 438fb1492fedce248b3ea2c5aa38533a,
        type: 3}
      propertyPath: m_LocalEulerAnglesHint.z
      value: 0
      objectReference: {fileID: 0}
    m_RemovedComponents: []
  m_SourcePrefab: {fileID: 100100000, guid: 438fb1492fedce248b3ea2c5aa38533a, type: 3}
--- !u!4 &8880266607990191083 stripped
Transform:
  m_CorrespondingSourceObject: {fileID: 762222131705075928, guid: 438fb1492fedce248b3ea2c5aa38533a,
    type: 3}
  m_PrefabInstance: {fileID: 8191765781747100467}
  m_PrefabAsset: {fileID: 0}
