%YAML 1.1
%TAG !u! tag:unity3d.com,2011:
--- !u!1 &8723334945911641281
GameObject:
  m_ObjectHideFlags: 0
  m_CorrespondingSourceObject: {fileID: 0}
  m_PrefabInstance: {fileID: 0}
  m_PrefabAsset: {fileID: 0}
  serializedVersion: 6
  m_Component:
  - component: {fileID: 6864412302678476867}
  m_Layer: 0
  m_Name: Objects
  m_TagString: Untagged
  m_Icon: {fileID: 0}
  m_NavMeshLayer: 0
  m_StaticEditorFlags: 0
  m_IsActive: 1
--- !u!4 &6864412302678476867
Transform:
  m_ObjectHideFlags: 0
  m_CorrespondingSourceObject: {fileID: 0}
  m_PrefabInstance: {fileID: 0}
  m_PrefabAsset: {fileID: 0}
  m_GameObject: {fileID: 8723334945911641281}
  m_LocalRotation: {x: 0, y: 0, z: 0, w: 1}
  m_LocalPosition: {x: 0, y: 0, z: 0}
  m_LocalScale: {x: 1, y: 1, z: 1}
  m_Children:
  - {fileID: 2723421016838974649}
  - {fileID: 9097214545923133371}
  - {fileID: 2215914594288261347}
  - {fileID: 4898529820202428078}
  m_Father: {fileID: 0}
  m_RootOrder: 0
  m_LocalEulerAnglesHint: {x: 0, y: 0, z: 0}
--- !u!1001 &1811971441625759367
PrefabInstance:
  m_ObjectHideFlags: 0
  serializedVersion: 2
  m_Modification:
    m_TransformParent: {fileID: 6864412302678476867}
    m_Modifications:
    - target: {fileID: 3921395273738976315, guid: cc4e74a7390f792498a0bcdb49a3c732,
        type: 3}
      propertyPath: m_Name
      value: IceCrate (1)
      objectReference: {fileID: 0}
    - target: {fileID: 6547803433612843049, guid: cc4e74a7390f792498a0bcdb49a3c732,
        type: 3}
      propertyPath: m_LocalPosition.x
      value: 85
      objectReference: {fileID: 0}
    - target: {fileID: 6547803433612843049, guid: cc4e74a7390f792498a0bcdb49a3c732,
        type: 3}
      propertyPath: m_LocalPosition.y
      value: 0
      objectReference: {fileID: 0}
    - target: {fileID: 6547803433612843049, guid: cc4e74a7390f792498a0bcdb49a3c732,
        type: 3}
      propertyPath: m_LocalPosition.z
      value: -30
      objectReference: {fileID: 0}
    - target: {fileID: 6547803433612843049, guid: cc4e74a7390f792498a0bcdb49a3c732,
        type: 3}
      propertyPath: m_LocalRotation.x
      value: 0
      objectReference: {fileID: 0}
    - target: {fileID: 6547803433612843049, guid: cc4e74a7390f792498a0bcdb49a3c732,
        type: 3}
      propertyPath: m_LocalRotation.y
      value: 0
      objectReference: {fileID: 0}
    - target: {fileID: 6547803433612843049, guid: cc4e74a7390f792498a0bcdb49a3c732,
        type: 3}
      propertyPath: m_LocalRotation.z
      value: 0
      objectReference: {fileID: 0}
    - target: {fileID: 6547803433612843049, guid: cc4e74a7390f792498a0bcdb49a3c732,
        type: 3}
      propertyPath: m_LocalRotation.w
      value: 1
      objectReference: {fileID: 0}
    - target: {fileID: 6547803433612843049, guid: cc4e74a7390f792498a0bcdb49a3c732,
        type: 3}
      propertyPath: m_RootOrder
      value: 3
      objectReference: {fileID: 0}
    - target: {fileID: 6547803433612843049, guid: cc4e74a7390f792498a0bcdb49a3c732,
        type: 3}
      propertyPath: m_LocalEulerAnglesHint.x
      value: 0
      objectReference: {fileID: 0}
    - target: {fileID: 6547803433612843049, guid: cc4e74a7390f792498a0bcdb49a3c732,
        type: 3}
      propertyPath: m_LocalEulerAnglesHint.y
      value: 0
      objectReference: {fileID: 0}
    - target: {fileID: 6547803433612843049, guid: cc4e74a7390f792498a0bcdb49a3c732,
        type: 3}
      propertyPath: m_LocalEulerAnglesHint.z
      value: 0
      objectReference: {fileID: 0}
    m_RemovedComponents: []
  m_SourcePrefab: {fileID: 100100000, guid: cc4e74a7390f792498a0bcdb49a3c732, type: 3}
--- !u!4 &4898529820202428078 stripped
Transform:
  m_CorrespondingSourceObject: {fileID: 6547803433612843049, guid: cc4e74a7390f792498a0bcdb49a3c732,
    type: 3}
  m_PrefabInstance: {fileID: 1811971441625759367}
  m_PrefabAsset: {fileID: 0}
--- !u!1001 &2988302811316191186
PrefabInstance:
  m_ObjectHideFlags: 0
  serializedVersion: 2
  m_Modification:
    m_TransformParent: {fileID: 6864412302678476867}
    m_Modifications:
    - target: {fileID: 332245070322233861, guid: 442193dbb4d08d14db18ca23d9815908,
        type: 3}
      propertyPath: m_Name
      value: Set1 (2)
      objectReference: {fileID: 0}
    - target: {fileID: 915107510644921195, guid: 442193dbb4d08d14db18ca23d9815908,
        type: 3}
      propertyPath: m_LocalPosition.x
      value: -60
      objectReference: {fileID: 0}
    - target: {fileID: 915107510644921195, guid: 442193dbb4d08d14db18ca23d9815908,
        type: 3}
      propertyPath: m_LocalPosition.y
      value: 0
      objectReference: {fileID: 0}
    - target: {fileID: 915107510644921195, guid: 442193dbb4d08d14db18ca23d9815908,
        type: 3}
      propertyPath: m_LocalPosition.z
      value: -60
      objectReference: {fileID: 0}
    - target: {fileID: 915107510644921195, guid: 442193dbb4d08d14db18ca23d9815908,
        type: 3}
      propertyPath: m_LocalRotation.x
      value: 0
      objectReference: {fileID: 0}
    - target: {fileID: 915107510644921195, guid: 442193dbb4d08d14db18ca23d9815908,
        type: 3}
      propertyPath: m_LocalRotation.y
      value: 0
      objectReference: {fileID: 0}
    - target: {fileID: 915107510644921195, guid: 442193dbb4d08d14db18ca23d9815908,
        type: 3}
      propertyPath: m_LocalRotation.z
      value: 0
      objectReference: {fileID: 0}
    - target: {fileID: 915107510644921195, guid: 442193dbb4d08d14db18ca23d9815908,
        type: 3}
      propertyPath: m_LocalRotation.w
      value: 1
      objectReference: {fileID: 0}
    - target: {fileID: 915107510644921195, guid: 442193dbb4d08d14db18ca23d9815908,
        type: 3}
      propertyPath: m_RootOrder
      value: 0
      objectReference: {fileID: 0}
    - target: {fileID: 915107510644921195, guid: 442193dbb4d08d14db18ca23d9815908,
        type: 3}
      propertyPath: m_LocalEulerAnglesHint.x
      value: 0
      objectReference: {fileID: 0}
    - target: {fileID: 915107510644921195, guid: 442193dbb4d08d14db18ca23d9815908,
        type: 3}
      propertyPath: m_LocalEulerAnglesHint.y
      value: 0
      objectReference: {fileID: 0}
    - target: {fileID: 915107510644921195, guid: 442193dbb4d08d14db18ca23d9815908,
        type: 3}
      propertyPath: m_LocalEulerAnglesHint.z
      value: 0
      objectReference: {fileID: 0}
    m_RemovedComponents: []
  m_SourcePrefab: {fileID: 100100000, guid: 442193dbb4d08d14db18ca23d9815908, type: 3}
--- !u!4 &2723421016838974649 stripped
Transform:
  m_CorrespondingSourceObject: {fileID: 915107510644921195, guid: 442193dbb4d08d14db18ca23d9815908,
    type: 3}
  m_PrefabInstance: {fileID: 2988302811316191186}
  m_PrefabAsset: {fileID: 0}
--- !u!1001 &4908635602094932170
PrefabInstance:
  m_ObjectHideFlags: 0
  serializedVersion: 2
  m_Modification:
    m_TransformParent: {fileID: 6864412302678476867}
    m_Modifications:
    - target: {fileID: 3921395273738976315, guid: cc4e74a7390f792498a0bcdb49a3c732,
        type: 3}
      propertyPath: m_Name
      value: IceCrate
      objectReference: {fileID: 0}
    - target: {fileID: 6547803433612843049, guid: cc4e74a7390f792498a0bcdb49a3c732,
        type: 3}
      propertyPath: m_LocalPosition.x
      value: -55
      objectReference: {fileID: 0}
    - target: {fileID: 6547803433612843049, guid: cc4e74a7390f792498a0bcdb49a3c732,
        type: 3}
      propertyPath: m_LocalPosition.y
      value: 0
      objectReference: {fileID: 0}
    - target: {fileID: 6547803433612843049, guid: cc4e74a7390f792498a0bcdb49a3c732,
        type: 3}
      propertyPath: m_LocalPosition.z
      value: 32.5
      objectReference: {fileID: 0}
    - target: {fileID: 6547803433612843049, guid: cc4e74a7390f792498a0bcdb49a3c732,
        type: 3}
      propertyPath: m_LocalRotation.x
      value: 0
      objectReference: {fileID: 0}
    - target: {fileID: 6547803433612843049, guid: cc4e74a7390f792498a0bcdb49a3c732,
        type: 3}
      propertyPath: m_LocalRotation.y
      value: 0
      objectReference: {fileID: 0}
    - target: {fileID: 6547803433612843049, guid: cc4e74a7390f792498a0bcdb49a3c732,
        type: 3}
      propertyPath: m_LocalRotation.z
      value: 0
      objectReference: {fileID: 0}
    - target: {fileID: 6547803433612843049, guid: cc4e74a7390f792498a0bcdb49a3c732,
        type: 3}
      propertyPath: m_LocalRotation.w
      value: 1
      objectReference: {fileID: 0}
    - target: {fileID: 6547803433612843049, guid: cc4e74a7390f792498a0bcdb49a3c732,
        type: 3}
      propertyPath: m_RootOrder
      value: 2
      objectReference: {fileID: 0}
    - target: {fileID: 6547803433612843049, guid: cc4e74a7390f792498a0bcdb49a3c732,
        type: 3}
      propertyPath: m_LocalEulerAnglesHint.x
      value: 0
      objectReference: {fileID: 0}
    - target: {fileID: 6547803433612843049, guid: cc4e74a7390f792498a0bcdb49a3c732,
        type: 3}
      propertyPath: m_LocalEulerAnglesHint.y
      value: 0
      objectReference: {fileID: 0}
    - target: {fileID: 6547803433612843049, guid: cc4e74a7390f792498a0bcdb49a3c732,
        type: 3}
      propertyPath: m_LocalEulerAnglesHint.z
      value: 0
      objectReference: {fileID: 0}
    m_RemovedComponents: []
  m_SourcePrefab: {fileID: 100100000, guid: cc4e74a7390f792498a0bcdb49a3c732, type: 3}
--- !u!4 &2215914594288261347 stripped
Transform:
  m_CorrespondingSourceObject: {fileID: 6547803433612843049, guid: cc4e74a7390f792498a0bcdb49a3c732,
    type: 3}
  m_PrefabInstance: {fileID: 4908635602094932170}
  m_PrefabAsset: {fileID: 0}
--- !u!1001 &8254202017544379600
PrefabInstance:
  m_ObjectHideFlags: 0
  serializedVersion: 2
  m_Modification:
    m_TransformParent: {fileID: 6864412302678476867}
    m_Modifications:
    - target: {fileID: 332245070322233861, guid: 442193dbb4d08d14db18ca23d9815908,
        type: 3}
      propertyPath: m_Name
      value: Set1 (6)
      objectReference: {fileID: 0}
    - target: {fileID: 915107510644921195, guid: 442193dbb4d08d14db18ca23d9815908,
        type: 3}
      propertyPath: m_LocalPosition.x
      value: 35
      objectReference: {fileID: 0}
    - target: {fileID: 915107510644921195, guid: 442193dbb4d08d14db18ca23d9815908,
        type: 3}
      propertyPath: m_LocalPosition.y
      value: 0
      objectReference: {fileID: 0}
    - target: {fileID: 915107510644921195, guid: 442193dbb4d08d14db18ca23d9815908,
        type: 3}
      propertyPath: m_LocalPosition.z
      value: 60.000004
      objectReference: {fileID: 0}
    - target: {fileID: 915107510644921195, guid: 442193dbb4d08d14db18ca23d9815908,
        type: 3}
      propertyPath: m_LocalRotation.x
      value: -0
      objectReference: {fileID: 0}
    - target: {fileID: 915107510644921195, guid: 442193dbb4d08d14db18ca23d9815908,
        type: 3}
      propertyPath: m_LocalRotation.y
      value: 0.70710576
      objectReference: {fileID: 0}
    - target: {fileID: 915107510644921195, guid: 442193dbb4d08d14db18ca23d9815908,
        type: 3}
      propertyPath: m_LocalRotation.z
      value: -0
      objectReference: {fileID: 0}
    - target: {fileID: 915107510644921195, guid: 442193dbb4d08d14db18ca23d9815908,
        type: 3}
      propertyPath: m_LocalRotation.w
      value: 0.70710784
      objectReference: {fileID: 0}
    - target: {fileID: 915107510644921195, guid: 442193dbb4d08d14db18ca23d9815908,
        type: 3}
      propertyPath: m_RootOrder
      value: 1
      objectReference: {fileID: 0}
    - target: {fileID: 915107510644921195, guid: 442193dbb4d08d14db18ca23d9815908,
        type: 3}
      propertyPath: m_LocalEulerAnglesHint.x
      value: 0
      objectReference: {fileID: 0}
    - target: {fileID: 915107510644921195, guid: 442193dbb4d08d14db18ca23d9815908,
        type: 3}
      propertyPath: m_LocalEulerAnglesHint.y
      value: 90.00001
      objectReference: {fileID: 0}
    - target: {fileID: 915107510644921195, guid: 442193dbb4d08d14db18ca23d9815908,
        type: 3}
      propertyPath: m_LocalEulerAnglesHint.z
      value: 0
      objectReference: {fileID: 0}
    m_RemovedComponents: []
  m_SourcePrefab: {fileID: 100100000, guid: 442193dbb4d08d14db18ca23d9815908, type: 3}
--- !u!4 &9097214545923133371 stripped
Transform:
  m_CorrespondingSourceObject: {fileID: 915107510644921195, guid: 442193dbb4d08d14db18ca23d9815908,
    type: 3}
  m_PrefabInstance: {fileID: 8254202017544379600}
  m_PrefabAsset: {fileID: 0}
