%YAML 1.1
%TAG !u! tag:unity3d.com,2011:
--- !u!114 &4807380639047065448
MonoBehaviour:
  m_ObjectHideFlags: 0
  m_CorrespondingSourceObject: {fileID: 0}
  m_PrefabInstance: {fileID: 0}
  m_PrefabAsset: {fileID: 0}
  m_GameObject: {fileID: 1097738829707666745}
  m_Enabled: 1
  m_EditorHideFlags: 0
  m_Script: {fileID: 11500000, guid: b0f2c11c72a851c4f8b2f5a42885ccdd, type: 3}
  m_Name: 
  m_EditorClassIdentifier: 
--- !u!1 &4288560650245432883
GameObject:
  m_ObjectHideFlags: 0
  m_CorrespondingSourceObject: {fileID: 0}
  m_PrefabInstance: {fileID: 0}
  m_PrefabAsset: {fileID: 0}
  serializedVersion: 6
  m_Component:
  - component: {fileID: 1470571456463902581}
  m_Layer: 0
  m_Name: PathRoom5
  m_TagString: Untagged
  m_Icon: {fileID: 0}
  m_NavMeshLayer: 0
  m_StaticEditorFlags: 0
  m_IsActive: 1
--- !u!4 &1470571456463902581
Transform:
  m_ObjectHideFlags: 0
  m_CorrespondingSourceObject: {fileID: 0}
  m_PrefabInstance: {fileID: 0}
  m_PrefabAsset: {fileID: 0}
  m_GameObject: {fileID: 4288560650245432883}
  m_LocalRotation: {x: 0, y: 0, z: 0, w: 1}
  m_LocalPosition: {x: 0, y: 0, z: 0}
  m_LocalScale: {x: 1, y: 1, z: 1}
  m_Children:
  - {fileID: 3293591122218893156}
  - {fileID: 8060566972701553569}
  - {fileID: 6818676480420558342}
  - {fileID: 8834785019966012676}
  - {fileID: 6475040968379642544}
  - {fileID: 2408463443826672932}
  m_Father: {fileID: 0}
  m_RootOrder: 0
  m_LocalEulerAnglesHint: {x: 0, y: 0, z: 0}
--- !u!1001 &1611825454498176129
PrefabInstance:
  m_ObjectHideFlags: 0
  serializedVersion: 2
  m_Modification:
    m_TransformParent: {fileID: 1470571456463902581}
    m_Modifications:
    - target: {fileID: 529814193507036399, guid: 877f9d3d20c25d645a3581dc175b8e02,
        type: 3}
      propertyPath: m_LocalScale.y
      value: 10
      objectReference: {fileID: 0}
    - target: {fileID: 529814193507036399, guid: 877f9d3d20c25d645a3581dc175b8e02,
        type: 3}
      propertyPath: m_LocalPosition.y
      value: 2.5
      objectReference: {fileID: 0}
    - target: {fileID: 670266286978750074, guid: 877f9d3d20c25d645a3581dc175b8e02,
        type: 3}
      propertyPath: m_LocalScale.y
      value: 10
      objectReference: {fileID: 0}
    - target: {fileID: 670266286978750074, guid: 877f9d3d20c25d645a3581dc175b8e02,
        type: 3}
      propertyPath: m_LocalPosition.y
      value: 2.5
      objectReference: {fileID: 0}
    - target: {fileID: 1401782456925418325, guid: 877f9d3d20c25d645a3581dc175b8e02,
        type: 3}
      propertyPath: m_IsActive
      value: 1
      objectReference: {fileID: 0}
    - target: {fileID: 1607965498785404215, guid: 877f9d3d20c25d645a3581dc175b8e02,
        type: 3}
      propertyPath: m_Enabled
      value: 1
      objectReference: {fileID: 0}
    - target: {fileID: 1690722587735111540, guid: 877f9d3d20c25d645a3581dc175b8e02,
        type: 3}
      propertyPath: m_IsActive
      value: 1
      objectReference: {fileID: 0}
    - target: {fileID: 1830054711117167032, guid: 877f9d3d20c25d645a3581dc175b8e02,
        type: 3}
      propertyPath: m_IsActive
      value: 1
      objectReference: {fileID: 0}
    - target: {fileID: 2266625356770301013, guid: 877f9d3d20c25d645a3581dc175b8e02,
        type: 3}
      propertyPath: m_LocalScale.y
      value: 10
      objectReference: {fileID: 0}
    - target: {fileID: 2266625356770301013, guid: 877f9d3d20c25d645a3581dc175b8e02,
        type: 3}
      propertyPath: m_LocalPosition.y
      value: 2.5
      objectReference: {fileID: 0}
    - target: {fileID: 2377647987903140987, guid: 877f9d3d20c25d645a3581dc175b8e02,
        type: 3}
      propertyPath: m_IsActive
      value: 1
      objectReference: {fileID: 0}
    - target: {fileID: 2925044821048414421, guid: 877f9d3d20c25d645a3581dc175b8e02,
        type: 3}
      propertyPath: m_LocalScale.y
      value: 10
      objectReference: {fileID: 0}
    - target: {fileID: 2925044821048414421, guid: 877f9d3d20c25d645a3581dc175b8e02,
        type: 3}
      propertyPath: m_LocalPosition.y
      value: 2.4999995
      objectReference: {fileID: 0}
    - target: {fileID: 4104252920729299042, guid: 877f9d3d20c25d645a3581dc175b8e02,
        type: 3}
      propertyPath: m_Enabled
      value: 1
      objectReference: {fileID: 0}
    - target: {fileID: 4317673426261599205, guid: 877f9d3d20c25d645a3581dc175b8e02,
        type: 3}
      propertyPath: m_LocalPosition.x
      value: 0
      objectReference: {fileID: 0}
    - target: {fileID: 4317673426261599205, guid: 877f9d3d20c25d645a3581dc175b8e02,
        type: 3}
      propertyPath: m_LocalPosition.y
      value: 0
      objectReference: {fileID: 0}
    - target: {fileID: 4317673426261599205, guid: 877f9d3d20c25d645a3581dc175b8e02,
        type: 3}
      propertyPath: m_LocalPosition.z
      value: 0
      objectReference: {fileID: 0}
    - target: {fileID: 4317673426261599205, guid: 877f9d3d20c25d645a3581dc175b8e02,
        type: 3}
      propertyPath: m_LocalRotation.x
      value: -0
      objectReference: {fileID: 0}
    - target: {fileID: 4317673426261599205, guid: 877f9d3d20c25d645a3581dc175b8e02,
        type: 3}
      propertyPath: m_LocalRotation.y
      value: -0
      objectReference: {fileID: 0}
    - target: {fileID: 4317673426261599205, guid: 877f9d3d20c25d645a3581dc175b8e02,
        type: 3}
      propertyPath: m_LocalRotation.z
      value: -0
      objectReference: {fileID: 0}
    - target: {fileID: 4317673426261599205, guid: 877f9d3d20c25d645a3581dc175b8e02,
        type: 3}
      propertyPath: m_LocalRotation.w
      value: 1
      objectReference: {fileID: 0}
    - target: {fileID: 4317673426261599205, guid: 877f9d3d20c25d645a3581dc175b8e02,
        type: 3}
      propertyPath: m_RootOrder
      value: 0
      objectReference: {fileID: 0}
    - target: {fileID: 4317673426261599205, guid: 877f9d3d20c25d645a3581dc175b8e02,
        type: 3}
      propertyPath: m_LocalEulerAnglesHint.x
      value: 0
      objectReference: {fileID: 0}
    - target: {fileID: 4317673426261599205, guid: 877f9d3d20c25d645a3581dc175b8e02,
        type: 3}
      propertyPath: m_LocalEulerAnglesHint.y
      value: 0
      objectReference: {fileID: 0}
    - target: {fileID: 4317673426261599205, guid: 877f9d3d20c25d645a3581dc175b8e02,
        type: 3}
      propertyPath: m_LocalEulerAnglesHint.z
      value: 0
      objectReference: {fileID: 0}
    - target: {fileID: 4682447393228301532, guid: 877f9d3d20c25d645a3581dc175b8e02,
        type: 3}
      propertyPath: m_Name
      value: Path_wallSetup
      objectReference: {fileID: 0}
    - target: {fileID: 4864714277750406695, guid: 877f9d3d20c25d645a3581dc175b8e02,
        type: 3}
      propertyPath: m_IsActive
      value: 1
      objectReference: {fileID: 0}
    - target: {fileID: 6409297589628609357, guid: 877f9d3d20c25d645a3581dc175b8e02,
        type: 3}
      propertyPath: m_Enabled
      value: 1
      objectReference: {fileID: 0}
    - target: {fileID: 7367179977903773137, guid: 877f9d3d20c25d645a3581dc175b8e02,
        type: 3}
      propertyPath: m_Enabled
      value: 0
      objectReference: {fileID: 0}
    - target: {fileID: 7562546356273082744, guid: 877f9d3d20c25d645a3581dc175b8e02,
        type: 3}
      propertyPath: m_Enabled
      value: 1
      objectReference: {fileID: 0}
    m_RemovedComponents: []
  m_SourcePrefab: {fileID: 100100000, guid: 877f9d3d20c25d645a3581dc175b8e02, type: 3}
--- !u!4 &3293591122218893156 stripped
Transform:
  m_CorrespondingSourceObject: {fileID: 4317673426261599205, guid: 877f9d3d20c25d645a3581dc175b8e02,
    type: 3}
  m_PrefabInstance: {fileID: 1611825454498176129}
  m_PrefabAsset: {fileID: 0}
--- !u!1 &1097738829707666745 stripped
GameObject:
  m_CorrespondingSourceObject: {fileID: 1830054711117167032, guid: 877f9d3d20c25d645a3581dc175b8e02,
    type: 3}
  m_PrefabInstance: {fileID: 1611825454498176129}
  m_PrefabAsset: {fileID: 0}
--- !u!1001 &2259288945257634218
PrefabInstance:
  m_ObjectHideFlags: 0
  serializedVersion: 2
  m_Modification:
    m_TransformParent: {fileID: 1470571456463902581}
    m_Modifications:
    - target: {fileID: 4754206307421745068, guid: e1e159965b3373042915bf68c2c9f570,
        type: 3}
      propertyPath: m_LocalPosition.x
      value: 3.2068958
      objectReference: {fileID: 0}
    - target: {fileID: 4754206307421745068, guid: e1e159965b3373042915bf68c2c9f570,
        type: 3}
      propertyPath: m_LocalPosition.y
      value: 2.5
      objectReference: {fileID: 0}
    - target: {fileID: 4754206307421745068, guid: e1e159965b3373042915bf68c2c9f570,
        type: 3}
      propertyPath: m_LocalPosition.z
      value: 35.395966
      objectReference: {fileID: 0}
    - target: {fileID: 4754206307421745068, guid: e1e159965b3373042915bf68c2c9f570,
        type: 3}
      propertyPath: m_LocalRotation.x
      value: -0
      objectReference: {fileID: 0}
    - target: {fileID: 4754206307421745068, guid: e1e159965b3373042915bf68c2c9f570,
        type: 3}
      propertyPath: m_LocalRotation.y
      value: -0
      objectReference: {fileID: 0}
    - target: {fileID: 4754206307421745068, guid: e1e159965b3373042915bf68c2c9f570,
        type: 3}
      propertyPath: m_LocalRotation.z
      value: -0
      objectReference: {fileID: 0}
    - target: {fileID: 4754206307421745068, guid: e1e159965b3373042915bf68c2c9f570,
        type: 3}
      propertyPath: m_LocalRotation.w
      value: 1
      objectReference: {fileID: 0}
    - target: {fileID: 4754206307421745068, guid: e1e159965b3373042915bf68c2c9f570,
        type: 3}
      propertyPath: m_RootOrder
      value: 2
      objectReference: {fileID: 0}
    - target: {fileID: 4754206307421745068, guid: e1e159965b3373042915bf68c2c9f570,
        type: 3}
      propertyPath: m_LocalEulerAnglesHint.x
      value: 0
      objectReference: {fileID: 0}
    - target: {fileID: 4754206307421745068, guid: e1e159965b3373042915bf68c2c9f570,
        type: 3}
      propertyPath: m_LocalEulerAnglesHint.y
      value: 0
      objectReference: {fileID: 0}
    - target: {fileID: 4754206307421745068, guid: e1e159965b3373042915bf68c2c9f570,
        type: 3}
      propertyPath: m_LocalEulerAnglesHint.z
      value: 0
      objectReference: {fileID: 0}
    - target: {fileID: 4754206307421745082, guid: e1e159965b3373042915bf68c2c9f570,
        type: 3}
      propertyPath: m_Name
      value: E1_Critter02
      objectReference: {fileID: 0}
    - target: {fileID: 4754206307421745082, guid: e1e159965b3373042915bf68c2c9f570,
        type: 3}
      propertyPath: m_IsActive
      value: 0
      objectReference: {fileID: 0}
    - target: {fileID: 7539337419105618972, guid: e1e159965b3373042915bf68c2c9f570,
        type: 3}
      propertyPath: m_textInfo.characterCount
      value: 1
      objectReference: {fileID: 0}
    - target: {fileID: 7539337419105618972, guid: e1e159965b3373042915bf68c2c9f570,
        type: 3}
      propertyPath: m_textInfo.wordCount
      value: 1
      objectReference: {fileID: 0}
    - target: {fileID: 7539337419105618972, guid: e1e159965b3373042915bf68c2c9f570,
        type: 3}
      propertyPath: m_textInfo.lineCount
      value: 1
      objectReference: {fileID: 0}
    - target: {fileID: 7539337419105618972, guid: e1e159965b3373042915bf68c2c9f570,
        type: 3}
      propertyPath: m_textInfo.pageCount
      value: 1
      objectReference: {fileID: 0}
    m_RemovedComponents: []
  m_SourcePrefab: {fileID: 100100000, guid: e1e159965b3373042915bf68c2c9f570, type: 3}
--- !u!4 &6818676480420558342 stripped
Transform:
  m_CorrespondingSourceObject: {fileID: 4754206307421745068, guid: e1e159965b3373042915bf68c2c9f570,
    type: 3}
  m_PrefabInstance: {fileID: 2259288945257634218}
  m_PrefabAsset: {fileID: 0}
--- !u!1001 &3325547164885867533
PrefabInstance:
  m_ObjectHideFlags: 0
  serializedVersion: 2
  m_Modification:
    m_TransformParent: {fileID: 1470571456463902581}
    m_Modifications:
    - target: {fileID: 4754206307421745068, guid: 536c77477fdaea24d9376514a545052c,
        type: 3}
      propertyPath: m_LocalPosition.x
      value: -3.6372137
      objectReference: {fileID: 0}
    - target: {fileID: 4754206307421745068, guid: 536c77477fdaea24d9376514a545052c,
        type: 3}
      propertyPath: m_LocalPosition.y
      value: 2.5
      objectReference: {fileID: 0}
    - target: {fileID: 4754206307421745068, guid: 536c77477fdaea24d9376514a545052c,
        type: 3}
      propertyPath: m_LocalPosition.z
      value: 18.003262
      objectReference: {fileID: 0}
    - target: {fileID: 4754206307421745068, guid: 536c77477fdaea24d9376514a545052c,
        type: 3}
      propertyPath: m_LocalRotation.x
      value: -0
      objectReference: {fileID: 0}
    - target: {fileID: 4754206307421745068, guid: 536c77477fdaea24d9376514a545052c,
        type: 3}
      propertyPath: m_LocalRotation.y
      value: -0
      objectReference: {fileID: 0}
    - target: {fileID: 4754206307421745068, guid: 536c77477fdaea24d9376514a545052c,
        type: 3}
      propertyPath: m_LocalRotation.z
      value: -0
      objectReference: {fileID: 0}
    - target: {fileID: 4754206307421745068, guid: 536c77477fdaea24d9376514a545052c,
        type: 3}
      propertyPath: m_LocalRotation.w
      value: 1
      objectReference: {fileID: 0}
    - target: {fileID: 4754206307421745068, guid: 536c77477fdaea24d9376514a545052c,
        type: 3}
      propertyPath: m_RootOrder
      value: 1
      objectReference: {fileID: 0}
    - target: {fileID: 4754206307421745068, guid: 536c77477fdaea24d9376514a545052c,
        type: 3}
      propertyPath: m_LocalEulerAnglesHint.x
      value: 0
      objectReference: {fileID: 0}
    - target: {fileID: 4754206307421745068, guid: 536c77477fdaea24d9376514a545052c,
        type: 3}
      propertyPath: m_LocalEulerAnglesHint.y
      value: 0
      objectReference: {fileID: 0}
    - target: {fileID: 4754206307421745068, guid: 536c77477fdaea24d9376514a545052c,
        type: 3}
      propertyPath: m_LocalEulerAnglesHint.z
      value: 0
      objectReference: {fileID: 0}
    - target: {fileID: 4754206307421745082, guid: 536c77477fdaea24d9376514a545052c,
        type: 3}
      propertyPath: m_Name
      value: E1_Critter01
      objectReference: {fileID: 0}
    - target: {fileID: 4754206307421745082, guid: 536c77477fdaea24d9376514a545052c,
        type: 3}
      propertyPath: m_IsActive
      value: 0
      objectReference: {fileID: 0}
    - target: {fileID: 9075912011303155824, guid: 536c77477fdaea24d9376514a545052c,
        type: 3}
      propertyPath: m_textInfo.characterCount
      value: 1
      objectReference: {fileID: 0}
    - target: {fileID: 9075912011303155824, guid: 536c77477fdaea24d9376514a545052c,
        type: 3}
      propertyPath: m_textInfo.wordCount
      value: 1
      objectReference: {fileID: 0}
    - target: {fileID: 9075912011303155824, guid: 536c77477fdaea24d9376514a545052c,
        type: 3}
      propertyPath: m_textInfo.lineCount
      value: 1
      objectReference: {fileID: 0}
    - target: {fileID: 9075912011303155824, guid: 536c77477fdaea24d9376514a545052c,
        type: 3}
      propertyPath: m_textInfo.pageCount
      value: 1
      objectReference: {fileID: 0}
    m_RemovedComponents: []
  m_SourcePrefab: {fileID: 100100000, guid: 536c77477fdaea24d9376514a545052c, type: 3}
--- !u!4 &8060566972701553569 stripped
Transform:
  m_CorrespondingSourceObject: {fileID: 4754206307421745068, guid: 536c77477fdaea24d9376514a545052c,
    type: 3}
  m_PrefabInstance: {fileID: 3325547164885867533}
  m_PrefabAsset: {fileID: 0}
--- !u!1001 &4504139185037008909
PrefabInstance:
  m_ObjectHideFlags: 0
  serializedVersion: 2
  m_Modification:
    m_TransformParent: {fileID: 1470571456463902581}
    m_Modifications:
    - target: {fileID: 344245713552069995, guid: 484bfae6576e5974098f2d3be2d5ec73,
        type: 3}
      propertyPath: m_IsActive
      value: 0
      objectReference: {fileID: 0}
    - target: {fileID: 823106511499588447, guid: 484bfae6576e5974098f2d3be2d5ec73,
        type: 3}
      propertyPath: m_LocalPosition.z
      value: 10.000001
      objectReference: {fileID: 0}
    - target: {fileID: 976190860739509125, guid: 484bfae6576e5974098f2d3be2d5ec73,
        type: 3}
      propertyPath: m_LocalPosition.z
      value: 10
      objectReference: {fileID: 0}
    - target: {fileID: 1145556897095652747, guid: 484bfae6576e5974098f2d3be2d5ec73,
        type: 3}
      propertyPath: m_LocalPosition.z
      value: -10
      objectReference: {fileID: 0}
    - target: {fileID: 1145556897095652751, guid: 484bfae6576e5974098f2d3be2d5ec73,
        type: 3}
      propertyPath: m_IsActive
      value: 1
      objectReference: {fileID: 0}
    - target: {fileID: 2052618395310481539, guid: 484bfae6576e5974098f2d3be2d5ec73,
        type: 3}
      propertyPath: m_IsActive
      value: 0
      objectReference: {fileID: 0}
    - target: {fileID: 2052618395310481543, guid: 484bfae6576e5974098f2d3be2d5ec73,
        type: 3}
      propertyPath: m_LocalPosition.z
      value: -10
      objectReference: {fileID: 0}
    - target: {fileID: 2300633541790262569, guid: 484bfae6576e5974098f2d3be2d5ec73,
        type: 3}
      propertyPath: m_LocalPosition.x
      value: 0.0000003371744
      objectReference: {fileID: 0}
    - target: {fileID: 2300633541790262569, guid: 484bfae6576e5974098f2d3be2d5ec73,
        type: 3}
      propertyPath: m_LocalPosition.y
      value: 0
      objectReference: {fileID: 0}
    - target: {fileID: 2300633541790262569, guid: 484bfae6576e5974098f2d3be2d5ec73,
        type: 3}
      propertyPath: m_LocalPosition.z
      value: 0.00000013966198
      objectReference: {fileID: 0}
    - target: {fileID: 2300633541790262569, guid: 484bfae6576e5974098f2d3be2d5ec73,
        type: 3}
      propertyPath: m_LocalRotation.x
      value: -0
      objectReference: {fileID: 0}
    - target: {fileID: 2300633541790262569, guid: 484bfae6576e5974098f2d3be2d5ec73,
        type: 3}
      propertyPath: m_LocalRotation.y
      value: -0.38268277
      objectReference: {fileID: 0}
    - target: {fileID: 2300633541790262569, guid: 484bfae6576e5974098f2d3be2d5ec73,
        type: 3}
      propertyPath: m_LocalRotation.z
      value: -0
      objectReference: {fileID: 0}
    - target: {fileID: 2300633541790262569, guid: 484bfae6576e5974098f2d3be2d5ec73,
        type: 3}
      propertyPath: m_LocalRotation.w
      value: 0.92387986
      objectReference: {fileID: 0}
    - target: {fileID: 2300633541790262569, guid: 484bfae6576e5974098f2d3be2d5ec73,
        type: 3}
      propertyPath: m_RootOrder
      value: 5
      objectReference: {fileID: 0}
    - target: {fileID: 2300633541790262569, guid: 484bfae6576e5974098f2d3be2d5ec73,
        type: 3}
      propertyPath: m_LocalEulerAnglesHint.x
      value: 0
      objectReference: {fileID: 0}
    - target: {fileID: 2300633541790262569, guid: 484bfae6576e5974098f2d3be2d5ec73,
        type: 3}
      propertyPath: m_LocalEulerAnglesHint.y
      value: -45.000004
      objectReference: {fileID: 0}
    - target: {fileID: 2300633541790262569, guid: 484bfae6576e5974098f2d3be2d5ec73,
        type: 3}
      propertyPath: m_LocalEulerAnglesHint.z
      value: 0
      objectReference: {fileID: 0}
    - target: {fileID: 2856065116918823402, guid: 484bfae6576e5974098f2d3be2d5ec73,
        type: 3}
      propertyPath: m_LocalPosition.z
      value: 10
      objectReference: {fileID: 0}
    - target: {fileID: 4984219050938776477, guid: 484bfae6576e5974098f2d3be2d5ec73,
        type: 3}
      propertyPath: m_LocalPosition.z
      value: -10
      objectReference: {fileID: 0}
    - target: {fileID: 5407357986779378301, guid: 484bfae6576e5974098f2d3be2d5ec73,
        type: 3}
      propertyPath: m_Name
      value: Traps (1)
      objectReference: {fileID: 0}
    - target: {fileID: 5407357986779378301, guid: 484bfae6576e5974098f2d3be2d5ec73,
        type: 3}
      propertyPath: m_IsActive
      value: 1
      objectReference: {fileID: 0}
    m_RemovedComponents: []
  m_SourcePrefab: {fileID: 100100000, guid: 484bfae6576e5974098f2d3be2d5ec73, type: 3}
--- !u!4 &2408463443826672932 stripped
Transform:
  m_CorrespondingSourceObject: {fileID: 2300633541790262569, guid: 484bfae6576e5974098f2d3be2d5ec73,
    type: 3}
  m_PrefabInstance: {fileID: 4504139185037008909}
  m_PrefabAsset: {fileID: 0}
--- !u!1001 &5059382345570670489
PrefabInstance:
  m_ObjectHideFlags: 0
  serializedVersion: 2
  m_Modification:
    m_TransformParent: {fileID: 1470571456463902581}
    m_Modifications:
    - target: {fileID: 823106511499588447, guid: 484bfae6576e5974098f2d3be2d5ec73,
        type: 3}
      propertyPath: m_LocalPosition.z
      value: 10.000001
      objectReference: {fileID: 0}
    - target: {fileID: 976190860739509125, guid: 484bfae6576e5974098f2d3be2d5ec73,
        type: 3}
      propertyPath: m_LocalPosition.z
      value: 10
      objectReference: {fileID: 0}
    - target: {fileID: 1145556897095652747, guid: 484bfae6576e5974098f2d3be2d5ec73,
        type: 3}
      propertyPath: m_LocalPosition.z
      value: -10
      objectReference: {fileID: 0}
    - target: {fileID: 2052618395310481543, guid: 484bfae6576e5974098f2d3be2d5ec73,
        type: 3}
      propertyPath: m_LocalPosition.z
      value: -10
      objectReference: {fileID: 0}
    - target: {fileID: 2300633541790262569, guid: 484bfae6576e5974098f2d3be2d5ec73,
        type: 3}
      propertyPath: m_LocalPosition.x
      value: 0
      objectReference: {fileID: 0}
    - target: {fileID: 2300633541790262569, guid: 484bfae6576e5974098f2d3be2d5ec73,
        type: 3}
      propertyPath: m_LocalPosition.y
      value: 0
      objectReference: {fileID: 0}
    - target: {fileID: 2300633541790262569, guid: 484bfae6576e5974098f2d3be2d5ec73,
        type: 3}
      propertyPath: m_LocalPosition.z
      value: 0
      objectReference: {fileID: 0}
    - target: {fileID: 2300633541790262569, guid: 484bfae6576e5974098f2d3be2d5ec73,
        type: 3}
      propertyPath: m_LocalRotation.x
      value: -0
      objectReference: {fileID: 0}
    - target: {fileID: 2300633541790262569, guid: 484bfae6576e5974098f2d3be2d5ec73,
        type: 3}
      propertyPath: m_LocalRotation.y
      value: -0
      objectReference: {fileID: 0}
    - target: {fileID: 2300633541790262569, guid: 484bfae6576e5974098f2d3be2d5ec73,
        type: 3}
      propertyPath: m_LocalRotation.z
      value: -0
      objectReference: {fileID: 0}
    - target: {fileID: 2300633541790262569, guid: 484bfae6576e5974098f2d3be2d5ec73,
        type: 3}
      propertyPath: m_LocalRotation.w
      value: 1
      objectReference: {fileID: 0}
    - target: {fileID: 2300633541790262569, guid: 484bfae6576e5974098f2d3be2d5ec73,
        type: 3}
      propertyPath: m_RootOrder
      value: 4
      objectReference: {fileID: 0}
    - target: {fileID: 2300633541790262569, guid: 484bfae6576e5974098f2d3be2d5ec73,
        type: 3}
      propertyPath: m_LocalEulerAnglesHint.x
      value: 0
      objectReference: {fileID: 0}
    - target: {fileID: 2300633541790262569, guid: 484bfae6576e5974098f2d3be2d5ec73,
        type: 3}
      propertyPath: m_LocalEulerAnglesHint.y
      value: 0
      objectReference: {fileID: 0}
    - target: {fileID: 2300633541790262569, guid: 484bfae6576e5974098f2d3be2d5ec73,
        type: 3}
      propertyPath: m_LocalEulerAnglesHint.z
      value: 0
      objectReference: {fileID: 0}
    - target: {fileID: 2856065116918823402, guid: 484bfae6576e5974098f2d3be2d5ec73,
        type: 3}
      propertyPath: m_LocalPosition.z
      value: 10
      objectReference: {fileID: 0}
    - target: {fileID: 4984219050938776477, guid: 484bfae6576e5974098f2d3be2d5ec73,
        type: 3}
      propertyPath: m_LocalPosition.z
      value: -10
      objectReference: {fileID: 0}
    - target: {fileID: 5407357986779378301, guid: 484bfae6576e5974098f2d3be2d5ec73,
        type: 3}
      propertyPath: m_Name
      value: Traps
      objectReference: {fileID: 0}
    - target: {fileID: 5407357986779378301, guid: 484bfae6576e5974098f2d3be2d5ec73,
        type: 3}
      propertyPath: m_IsActive
      value: 0
      objectReference: {fileID: 0}
    m_RemovedComponents: []
  m_SourcePrefab: {fileID: 100100000, guid: 484bfae6576e5974098f2d3be2d5ec73, type: 3}
--- !u!4 &6475040968379642544 stripped
Transform:
  m_CorrespondingSourceObject: {fileID: 2300633541790262569, guid: 484bfae6576e5974098f2d3be2d5ec73,
    type: 3}
  m_PrefabInstance: {fileID: 5059382345570670489}
  m_PrefabAsset: {fileID: 0}
--- !u!1001 &8072846192901154268
PrefabInstance:
  m_ObjectHideFlags: 0
  serializedVersion: 2
  m_Modification:
    m_TransformParent: {fileID: 1470571456463902581}
    m_Modifications:
    - target: {fileID: 330279101652756571, guid: 438fb1492fedce248b3ea2c5aa38533a,
        type: 3}
      propertyPath: m_Name
      value: 3x1
      objectReference: {fileID: 0}
    - target: {fileID: 762222131705075928, guid: 438fb1492fedce248b3ea2c5aa38533a,
        type: 3}
      propertyPath: m_LocalPosition.x
      value: 10
      objectReference: {fileID: 0}
    - target: {fileID: 762222131705075928, guid: 438fb1492fedce248b3ea2c5aa38533a,
        type: 3}
      propertyPath: m_LocalPosition.y
      value: 2.5
      objectReference: {fileID: 0}
    - target: {fileID: 762222131705075928, guid: 438fb1492fedce248b3ea2c5aa38533a,
        type: 3}
      propertyPath: m_LocalPosition.z
      value: -12.5
      objectReference: {fileID: 0}
    - target: {fileID: 762222131705075928, guid: 438fb1492fedce248b3ea2c5aa38533a,
        type: 3}
      propertyPath: m_LocalRotation.x
      value: -0
      objectReference: {fileID: 0}
    - target: {fileID: 762222131705075928, guid: 438fb1492fedce248b3ea2c5aa38533a,
        type: 3}
      propertyPath: m_LocalRotation.y
      value: 0.92387927
      objectReference: {fileID: 0}
    - target: {fileID: 762222131705075928, guid: 438fb1492fedce248b3ea2c5aa38533a,
        type: 3}
      propertyPath: m_LocalRotation.z
      value: -0
      objectReference: {fileID: 0}
    - target: {fileID: 762222131705075928, guid: 438fb1492fedce248b3ea2c5aa38533a,
        type: 3}
      propertyPath: m_LocalRotation.w
      value: 0.38268423
      objectReference: {fileID: 0}
    - target: {fileID: 762222131705075928, guid: 438fb1492fedce248b3ea2c5aa38533a,
        type: 3}
      propertyPath: m_RootOrder
      value: 3
      objectReference: {fileID: 0}
    - target: {fileID: 762222131705075928, guid: 438fb1492fedce248b3ea2c5aa38533a,
        type: 3}
      propertyPath: m_LocalEulerAnglesHint.x
      value: 0
      objectReference: {fileID: 0}
    - target: {fileID: 762222131705075928, guid: 438fb1492fedce248b3ea2c5aa38533a,
        type: 3}
      propertyPath: m_LocalEulerAnglesHint.y
      value: 135
      objectReference: {fileID: 0}
    - target: {fileID: 762222131705075928, guid: 438fb1492fedce248b3ea2c5aa38533a,
        type: 3}
      propertyPath: m_LocalEulerAnglesHint.z
      value: 0
      objectReference: {fileID: 0}
    m_RemovedComponents: []
  m_SourcePrefab: {fileID: 100100000, guid: 438fb1492fedce248b3ea2c5aa38533a, type: 3}
--- !u!4 &8834785019966012676 stripped
Transform:
  m_CorrespondingSourceObject: {fileID: 762222131705075928, guid: 438fb1492fedce248b3ea2c5aa38533a,
    type: 3}
  m_PrefabInstance: {fileID: 8072846192901154268}
  m_PrefabAsset: {fileID: 0}
